@incollection{Sornmo2005,
    title = {{Chapter 1 – Introduction}},
    year = {2005},
    booktitle = {Bioelectrical Signal Processing in Cardiac and Neurological Applications},
    author = {S{\"{o}}rnmo, Leif and Laguna, Pablo and S{\"{o}}rnmo, Leif and Laguna, Pablo},
    pages = {1--24},
    isbn = {9780124375529},
    doi = {10.1016/B978-012437552-9/50001-5}
}

@article{Park2013,
    title = {{Structural and functional brain networks: from connections to cognition.}},
    year = {2013},
    journal = {Science (New York, N.Y.)},
    author = {Park, Hae-Jeong and Friston, Karl and Watts, D. J. and Strogatz, S. H. and Sporns, O. and Edelman, G. M. and Gally, J. A. and Price, C. J. and Friston, K. J. and Wig, G. S. and Schlaggar, B. L. and Petersen, S. E. and Friston, K. J. and Basser, P. J. and Mattiello, J. and LeBihan, D. and Park, H. J. and Kubicki, M. and Westin, C. F. and Talos, I. F. and Brun, A. and Peiper, S. and Kikinis, R. and Jolesz, F. A. and McCarley, R. W. and Shenton, M. E. and Hagmann, P. and Kurant, M. and Gigandet, X. and Thiran, P. and Wedeen, V. J. and Meuli, R. and Thiran, J. P. and Biswal, B. and Yetkin, Z. F. and Haughton, V. M. and Hyde, J. S. and Markov, N. T. and Misery, P. and Falchier, A. and Lamy, C. and Vezoli, J. and Quilodran, R. and Gariel, M. A. and Giroud, P. and Ercsey-Ravasz, M. and Pilaz, L. J. and Huissoud, C. and Barone, P. and Dehay, C. and Toroczkai, Z. and Essen, D. C. Van and Kennedy, H. and Knoblauch, K. and Gallos, L. K. and Makse, H. A. and Sigman, M. and Adachi, Y. and Osada, T. and Sporns, O. and Watanabe, T. and Matsui, T. and Miyamoto, K. and Miyashita, Y. and Sporns, O. and Zwi, J. D. and Bullmore, E. and Sporns, O. and Heuvel, M. P. van den and Sporns, O. and Towlson, E. K. and V{\'{e}}rtes, P. E. and Ahnert, S. E. and Schafer, W. R. and Bullmore, E. T. and Harriger, L. and Heuvel, M. P. van den and Sporns, O. and Alstott, J. and Breakspear, M. and Hagmann, P. and Cammoun, L. and Sporns, O. and Heuvel, M. P. van den and Sporns, O. and Collin, G. and Scheewe, T. and Mandl, R. C. and Cahn, W. and Go{\~{n}}i, J. and Pol, H. E. Hulshoff and Kahn, R. S. and Meunier, D. and Lambiotte, R. and Fornito, A. and Ersche, K. D. and Bullmore, E. T. and Raichle, M. E. and Smith, S. M. and Fox, P. T. and Miller, K. L. and Glahn, D. C. and Fox, P. M. and Mackay, C. E. and Filippini, N. and Watkins, K. E. and Toro, R. and Laird, A. R. and Beckmann, C. F. and Laird, A. R. and Eickhoff, S. B. and Rottschy, C. and Bzdok, D. and Ray, K. L. and Fox, P. T. and Smith, S. M. and Miller, K. L. and Moeller, S. and Xu, J. and Auerbach, E. J. and Woolrich, M. W. and Beckmann, C. F. and Jenkinson, M. and Andersson, J. and Glasser, M. F. and Essen, D. C. Van and Feinberg, D. A. and Yacoub, E. S. and Ugurbil, K. and Park, B. and Kim, J. I. and Lee, D. and Jeong, S. O. and Lee, J. D. and Park, H. J. and Allen, E. A. and Damaraju, E. and Plis, S. M. and Erhardt, E. B. and Eichele, T. and Calhoun, V. D. and Greicius, M. D. and Supekar, K. and Menon, V. and Dougherty, R. F. and Honey, C. J. and Sporns, O. and Cammoun, L. and Gigandet, X. and Thiran, J. P. and Meuli, R. and Hagmann, P. and Shen, K. and Bezgin, G. and Hutchison, R. M. and Gati, J. S. and Menon, R. S. and Everling, S. and McIntosh, A. R. and Hermundstad, A. M. and Bassett, D. S. and Brown, K. S. and Aminoff, E. M. and Clewett, D. and Freeman, S. and Frithsen, A. and Johnson, A. and Tipper, C. M. and Miller, M. B. and Grafton, S. T. and Carlson, J. M. and Ekman, M. and Derrfuss, J. and Tittgemeyer, M. and Fiebach, C. J. and Zeki, S. and Shipp, S. and Mumford, D. and Mountcastle, V. B. and Bastos, A. M. and Usrey, W. M. and Adams, R. A. and Mangun, G. R. and Fries, P. and Friston, K. J. and Douglas, R. J. and Koch, C. and Mahowald, M. and Martin, K. A. and Suarez, H. H. and Clark, A. and Friston, K. and Gerstein, G. L. and Bedenbaugh, P. and Aertsen, M. H. and Friston, K. and Moran, R. and Seth, A. K. and Smith, S. M. and Miller, K. L. and Salimi-Khorshidi, G. and Webster, M. and Beckmann, C. F. and Nichols, T. E. and Ramsey, J. D. and Woolrich, M. W. and Friston, K. J. and Li, B. and Daunizeau, J. and Stephan, K. E. and Lichtman, J. W. and Denk, W. and Chung, K. and Wallace, J. and Kim, S. Y. and Kalyanasundaram, S. and Andalman, A. S. and Davidson, T. J. and Mirzabekov, J. J. and Zalocusky, K. A. and Mattis, J. and Denisin, A. K. and Pak, S. and Bernstein, H. and Ramakrishnan, C. and Grosenick, L. and Gradinaru, V. and Deisseroth, K. and Bassett, D. S. and Wymbs, N. F. and Porter, M. A. and Mucha, P. J. and Carlson, J. M. and Grafton, S. T. and Marder, E.},
    number = {6158},
    month = {11},
    pages = {1238411},
    volume = {342},
    publisher = {American Association for the Advancement of Science},
    url = {http://www.ncbi.nlm.nih.gov/pubmed/24179229},
    doi = {10.1126/science.1238411},
    issn = {1095-9203},
    pmid = {24179229}
}

@article{Sporns2013,
    title = {{Structure and function of complex brain networks.}},
    year = {2013},
    journal = {Dialogues in clinical neuroscience},
    author = {Sporns, Olaf},
    number = {3},
    month = {9},
    pages = {247--62},
    volume = {15},
    publisher = {Les Laboratoires Servier},
    url = {http://www.ncbi.nlm.nih.gov/pubmed/24174898 http://www.pubmedcentral.nih.gov/articlerender.fcgi?artid=PMC3811098},
    issn = {1958-5969},
    pmid = {24174898},
    keywords = {connectome, diffusion imaging, functional MRI, graph theory, neuroimaging, resting state, tractography}
}

@book{Andreassi2007,
    title = {{Psychophysiology : human behavior and physiological response}},
    year = {2007},
    author = {Andreassi, John L.},
    pages = {538},
    publisher = {Lawrence Erlbaum},
    isbn = {0805849513}
}

@article{Lodish2000,
    title = {{Overview of Neuron Structure and Function}},
    year = {2000},
    author = {Lodish, Harvey and Berk, Arnold and Zipursky, S Lawrence and Matsudaira, Paul and Baltimore, David and Darnell, James},
    publisher = {W. H. Freeman}
}

@article{Rolls2015,
    title = {{Limbic systems for emotion and for memory, but no single limbic system}},
    year = {2015},
    journal = {Cortex},
    author = {Rolls, Edmund T.},
    pages = {119--157},
    volume = {62},
    doi = {10.1016/j.cortex.2013.12.005},
    issn = {00109452}
}

@article{Buzsaki2012,
    title = {{The origin of extracellular fields and currents — EEG, ECoG, LFP and spikes}},
    year = {2012},
    journal = {Nature Reviews Neuroscience},
    author = {Buzs{\'{a}}ki, György and Anastassiou, Costas A. and Koch, Christof},
    number = {6},
    month = {5},
    pages = {407--420},
    volume = {13},
    publisher = {Nature Publishing Group},
    url = {http://www.nature.com/doifinder/10.1038/nrn3241},
    doi = {10.1038/nrn3241},
    issn = {1471-003X}
}

@article{Jefferys1995,
    title = {{Nonsynaptic modulation of neuronal activity in the brain: electric currents and extracellular ions.}},
    year = {1995},
    journal = {Physiological reviews},
    author = {Jefferys, J G},
    number = {4},
    month = {10},
    pages = {689--723},
    volume = {75},
    publisher = {American Physiological Society},
    url = {http://www.ncbi.nlm.nih.gov/pubmed/7480159},
    issn = {0031-9333},
    pmid = {7480159}
}

@book{Bear2016,
    title = {{Neuroscience: Exploring the Brain}},
    year = {2016},
    author = {Bear, Mark and Connors, Barry and Paradiso, Michael},
    edition = {4th},
    pages = {975},
    publisher = {Wolters Kluwer},
    address = {Philadelphia},
    isbn = {9780781778176}
}

@inproceedings{Attal2007,
    title = {{Modeling and detecting deep brain activity with MEG {\&} EEG}},
    year = {2007},
    booktitle = {Annual International Conference of the IEEE Engineering in Medicine and Biology - Proceedings},
    author = {Attal, Yohan and Bhattacharjee, Manik and Yelnik, Jérôme and Cottereau, Benoit and Lef{\`{e}}vre, Julien and Okada, Yoshio and Bardinet, Eric and Chupin, Marie and Baillet, Sylvain},
    isbn = {1424407885},
    doi = {10.1109/IEMBS.2007.4353448},
    issn = {05891019},
    pmid = {18003114}
}

@article{Usui2015,
    title = {{Significance of Very-High-Frequency Oscillations (Over 1,000Hz) in Epilepsy}},
    year = {2015},
    journal = {Annals of Neurology},
    author = {Usui, Naotaka and Terada, Kiyohito and Baba, Koichi and Matsuda, Kazumi and Usui, Keiko and Tottori, Takayasu and Mihara, Tadahiro and Inoue, Yushi},
    number = {2},
    month = {8},
    pages = {295--302},
    volume = {78},
    url = {http://doi.wiley.com/10.1002/ana.24440},
    doi = {10.1002/ana.24440},
    issn = {03645134}
}

@incollection{Huang2016,
    title = {{Brief History and Development of Electrophysiological Recording Techniques in Neuroscience}},
    year = {2016},
    booktitle = {Signal Processing in Neuroscience},
    author = {Huang, Zhuo},
    pages = {1--10},
    publisher = {Springer Singapore},
    url = {http://link.springer.com/10.1007/978-981-10-1822-0_1},
    address = {Singapore},
    doi = {10.1007/978-981-10-1822-0{\_}1}
}

@book{Supek2014,
    title = {{Magnetoencephalography. From Signals to Dynamic Cortical Networks}},
    year = {2014},
    author = {Supek, Selma},
    editor = {{Cheryl J Aine}},
    edition = {1st},
    publisher = {Springer},
    address = {Berlin},
    isbn = {9783642330445},
    doi = {10.1007/978-3-642-33045-2}
}

@article{Buzsaki1992,
    title = {{High-frequency network oscillation in the hippocampus}},
    year = {1992},
    journal = {Science},
    author = {Buzsaki, G and Horvath, Z and Urioste, R and Hetke, J and Wise, K},
    number = {5059},
    volume = {256}
}

@article{Fisher1992,
    title = {{High-frequency EEG activity at the start of seizures.}},
    year = {1992},
    journal = {Journal of clinical neurophysiology : official publication of the American Electroencephalographic Society},
    author = {Fisher, R S and Webber, W R and Lesser, R P and Arroyo, S and Uematsu, S},
    number = {3},
    month = {7},
    pages = {441--8},
    volume = {9},
    url = {http://www.ncbi.nlm.nih.gov/pubmed/1517412},
    issn = {0736-0258},
    pmid = {1517412}
}

@article{Gotman2010,
    title = {{High frequency oscillations: The new EEG frontier?}},
    year = {2010},
    journal = {Epilepsia},
    author = {Gotman, Jean},
    number = {s1},
    month = {2},
    pages = {63--65},
    volume = {51},
    publisher = {Blackwell Publishing Ltd},
    url = {http://doi.wiley.com/10.1111/j.1528-1167.2009.02449.x},
    doi = {10.1111/j.1528-1167.2009.02449.x},
    issn = {00139580}
}

@incollection{Coles1996,
    title = {{Event-related brain potentials: an introduction}},
    year = {1996},
    booktitle = {Electrophysiology of Mind},
    author = {Coles, Michael G. H. and Rugg, Michael D.},
    chapter = {Introducti},
    month = {9},
    pages = {1--26},
    publisher = {Oxford University Press},
    url = {http://www.oxfordscholarship.com/view/10.1093/acprof:oso/9780198524168.001.0001/acprof-9780198524168-chapter-1},
    doi = {10.1093/acprof:oso/9780198524168.003.0001}
}

@article{Kamarajan2015,
    title = {{Advances in Electrophysiological Research.}},
    year = {2015},
    journal = {Alcohol research : current reviews},
    author = {Kamarajan, Chella and Porjesz, Bernice},
    number = {1},
    pages = {53--87},
    volume = {37},
    publisher = {National Institute on Alcohol Abuse and Alcoholism},
    url = {http://www.ncbi.nlm.nih.gov/pubmed/26259089 http://www.pubmedcentral.nih.gov/articlerender.fcgi?artid=PMC4476604},
    issn = {2168-3492},
    pmid = {26259089}
}

@article{Falco-Walter2017,
    title = {{Magnetoencephalography and New Imaging Modalities in Epilepsy}},
    year = {2017},
    journal = {Neurotherapeutics},
    author = {Falco-Walter, Jessica and Owen, Christian and Sharma, Mishu and Reggi, Christopher and Yu, Mandy and Stoub, Travis R. and Stein, Michael A.},
    number = {1},
    month = {1},
    pages = {4--10},
    volume = {14},
    publisher = {Springer US},
    url = {http://link.springer.com/10.1007/s13311-016-0506-7},
    doi = {10.1007/s13311-016-0506-7},
    issn = {1933-7213}
}

@article{Fisher2005,
    title = {{Epileptic Seizures and Epilepsy: Definitions Proposed by the International League Against Epilepsy (ILAE) and the International Bureau for Epilepsy (IBE)}},
    year = {2005},
    journal = {Epilepsia},
    author = {Fisher, Robert S. and Boas, Walter van Emde and Blume, Warren and Elger, Christian and Genton, Pierre and Lee, Phillip and Engel, Jerome},
    number = {4},
    month = {4},
    pages = {470--472},
    volume = {46},
    publisher = {Blackwell Science Inc},
    url = {http://doi.wiley.com/10.1111/j.0013-9580.2005.66104.x},
    doi = {10.1111/j.0013-9580.2005.66104.x},
    issn = {0013-9580},
    keywords = {Classification, Definition, Epidemiology, Epilepsy, International League Against Epilepsy, Seizure}
}

@article{Smith2005,
    title = {{EEG in neurological conditions other than epilepsy: when does it help, what does it add?}},
    year = {2005},
    journal = {Journal of neurology, neurosurgery, and psychiatry},
    author = {Smith, S J M},
    number = {suppl 2},
    month = {6},
    pages = {8--12},
    volume = {76 Suppl 2},
    publisher = {BMJ Publishing Group Ltd},
    url = {http://www.ncbi.nlm.nih.gov/pubmed/15961870 http://www.pubmedcentral.nih.gov/articlerender.fcgi?artid=PMC1765689},
    doi = {10.1136/jnnp.2005.068486},
    issn = {0022-3050},
    pmid = {15961870}
}

@incollection{Sornmo2005b,
    title = {{Chapter 2 – The Electroencephalogram—A Brief Background}},
    year = {2005},
    booktitle = {Bioelectrical Signal Processing in Cardiac and Neurological Applications},
    author = {S{\"{o}}rnmo, Leif and Laguna, Pablo and S{\"{o}}rnmo, Leif and Laguna, Pablo},
    pages = {25--53},
    isbn = {9780124375529},
    doi = {10.1016/B978-012437552-9/50002-7}
}

@article{Zifkin2009,
    title = {{Clinical neurophysiology with special reference to the electroencephalogram}},
    year = {2009},
    journal = {Epilepsia},
    author = {Zifkin, Benjamin G. and Avanzini, Giuliano},
    number = {s3},
    month = {3},
    pages = {30--38},
    volume = {50},
    publisher = {Blackwell Publishing Ltd},
    url = {http://doi.wiley.com/10.1111/j.1528-1167.2009.02037.x},
    doi = {10.1111/j.1528-1167.2009.02037.x},
    issn = {00139580},
    keywords = {Electroencephalography, Epilepsy, History, Neurophysiology}
}

@article{Jackson2014,
    title = {{The neurophysiological bases of EEG and EEG measurement: A review for the rest of us}},
    year = {2014},
    journal = {Psychophysiology},
    author = {Jackson, Alice F. and Bolger, Donald J.},
    number = {11},
    month = {11},
    pages = {1061--1071},
    volume = {51},
    url = {http://doi.wiley.com/10.1111/psyp.12283},
    doi = {10.1111/psyp.12283},
    issn = {00485772},
    keywords = {EEG/ERP, Methods, Signal propagation}
}

@article{Gotman1982,
    title = {{Automatic recognition of epileptic seizures in the EEG}},
    year = {1982},
    journal = {Electroencephalography and Clinical Neurophysiology},
    author = {Gotman, J},
    number = {5},
    pages = {530--540},
    volume = {54},
    doi = {10.1016/0013-4694(82)90038-4},
    issn = {00134694}
}

@article{Klem1999,
    title = {{The ten-twenty electrode system of the International Federation. The International Federation of Clinical Neurophysiology.}},
    year = {1999},
    journal = {Electroencephalography and clinical neurophysiology. Supplement},
    author = {Klem, G H and L{\"{u}}ders, H O and Jasper, H H and Elger, C},
    pages = {3--6},
    volume = {52},
    url = {http://www.ncbi.nlm.nih.gov/pubmed/10590970},
    issn = {0424-8155},
    pmid = {10590970}
}

@article{American1991,
    title = {{American Electroencephalographic Society guidelines for standard electrode position nomenclature.}},
    year = {1991},
    journal = {Journal of clinical neurophysiology : official publication of the American Electroencephalographic Society},
    number = {2},
    month = {4},
    pages = {200--2},
    volume = {8},
    url = {http://www.ncbi.nlm.nih.gov/pubmed/2050819},
    issn = {0736-0258},
    pmid = {2050819}
}

@article{Cohen1968,
    title = {{Magnetoencephalography: Evidence of Magnetic Fields Produced by Alpha-Rhythm Currents}},
    year = {1968},
    journal = {Science},
    author = {Cohen, D},
    number = {3843},
    month = {8},
    pages = {784--786},
    volume = {161},
    url = {http://www.ncbi.nlm.nih.gov/pubmed/5663803 http://www.sciencemag.org/cgi/doi/10.1126/science.161.3843.784},
    isbn = {0036-8075 (Print){\textbackslash}r0036-8075 (Linking)},
    doi = {10.1126/science.161.3843.784},
    issn = {0036-8075},
    pmid = {5663803}
}

@incollection{Lee2014,
    title = {{Instrumentation for Measuring MEG Signals}},
    year = {2014},
    booktitle = {Magnetoencephalography},
    author = {Lee, Yong-Ho and Kim, Kiwoong},
    pages = {3--33},
    publisher = {Springer Berlin Heidelberg},
    url = {http://link.springer.com/10.1007/978-3-642-33045-2_1},
    address = {Berlin, Heidelberg},
    doi = {10.1007/978-3-642-33045-2{\_}1}
}

@article{Wendel2009,
    title = {{EEG/MEG source imaging: Methods, challenges, and open issues}},
    year = {2009},
    journal = {Computational Intelligence and Neuroscience},
    author = {Wendel, Katrina and V{\"{a}}is{\"{a}}nen, Outi and Malmivuo, Jaakko and Gencer, Nevzat G. and Vanrumste, Bart and Durka, Piotr and Magjarevi{\'{c}}, Ratko and Supek, Selma and Pascu, Mihail Lucian and Fontenelle, Hugues and Grave De Peralta Menendez, Rolando},
    isbn = {1687-5273 (Electronic)},
    doi = {10.1155/2009/656092},
    issn = {16875265},
    pmid = {19639045}
}

@article{Hari2012,
    title = {{Magnetoencephalography: From SQUIDs to neuroscience. Neuroimage 20th anniversary special edition.}},
    year = {2012},
    journal = {NeuroImage},
    author = {Hari, Riitta and Salmelin, Riitta},
    number = {2},
    month = {6},
    pages = {386--96},
    volume = {61},
    url = {http://www.sciencedirect.com/science/article/pii/S1053811911013565},
    doi = {10.1016/j.neuroimage.2011.11.074},
    issn = {1095-9572},
    pmid = {22166794},
    keywords = {20th Century, 21st Century, Brain Diseases, Brain Diseases: diagnosis, Brain Diseases: pathology, Cerebral Cortex, Cerebral Cortex: anatomy {\&} histology, Cerebral Cortex: physiology, Cognition, Cognition: physiology, Computer-Assisted, History, Humans, Interpersonal Relations, Language, Magnetic Resonance Imaging, Magnetoencephalography, Magnetoencephalography: history, Magnetoencephalography: methods, Magnetoencephalography: trends, Neural Pathways, Neural Pathways: physiology, Neuronal Plasticity, Neuronal Plasticity: physiology, Periodicity, Sensation, Sensation: physiology, Signal Processing}
}

@article{Singh2014,
    title = {{Magnetoencephalography: Basic principles.}},
    year = {2014},
    journal = {Annals of Indian Academy of Neurology},
    author = {Singh, Sanjay P},
    number = {Suppl 1},
    month = {3},
    pages = {107--12},
    volume = {17},
    publisher = {Medknow Publications},
    url = {http://www.ncbi.nlm.nih.gov/pubmed/24791076 http://www.pubmedcentral.nih.gov/articlerender.fcgi?artid=PMC4001219},
    doi = {10.4103/0972-2327.128676},
    issn = {0972-2327},
    pmid = {24791076},
    keywords = {Cortical mapping, epilepsy, magnetic source imaging, magnetoencephalography}
}

@article{Proudfoot2014,
    title = {{Magnetoencephalography.}},
    year = {2014},
    journal = {Practical neurology},
    author = {Proudfoot, Malcolm and Woolrich, Mark W and Nobre, Anna C and Turner, Martin R},
    number = {5},
    month = {10},
    pages = {336--43},
    volume = {14},
    publisher = {BMJ Group},
    url = {http://www.ncbi.nlm.nih.gov/pubmed/24647614 http://www.pubmedcentral.nih.gov/articlerender.fcgi?artid=PMC4174130},
    doi = {10.1136/practneurol-2013-000768},
    issn = {1474-7766},
    pmid = {24647614},
    keywords = {BRAIN MAPPING, EXPT, NEUROPHYSIOLOGY}
}

@article{Harti1988,
    title = {{Spatial resolution of neuromagnetic records: theoretical calculations in a spherical model}},
    year = {1988},
    journal = {Electroencephalography and Clinical Neurophysiology/Evoked Potentials Section},
    author = {Hari, R. and Joutsiniemi, S.-L. and Sarvas, J.},
    number = {1},
    pages = {64--72},
    volume = {71},
    doi = {10.1016/0168-5597(88)90020-2},
    issn = {01685597}
}

@article{Hari2004,
    title = {{Magnetoencephalography in Clinical Neurophysiological Assessment of Human Cortical Functions}},
    year = {2004},
    author = {{Hari}}
}

@article{Gross2013,
    title = {{Good practice for conducting and reporting MEG research}},
    year = {2013},
    journal = {NeuroImage},
    author = {Gross, Joachim and Baillet, Sylvain and Barnes, Gareth R. and Henson, Richard N. and Hillebrand, Arjan and Jensen, Ole and Jerbi, Karim and Litvak, Vladimir and Maess, Burkhard and Oostenveld, Robert and Parkkonen, Lauri and Taylor, Jason R. and van Wassenhove, Virginie and Wibral, Michael and Schoffelen, Jan-Mathijs},
    month = {1},
    pages = {349--363},
    volume = {65},
    url = {http://www.ncbi.nlm.nih.gov/pubmed/23046981 http://www.pubmedcentral.nih.gov/articlerender.fcgi?artid=PMC3925794 http://linkinghub.elsevier.com/retrieve/pii/S1053811912009895},
    doi = {10.1016/j.neuroimage.2012.10.001},
    issn = {10538119},
    pmid = {23046981}
}

@article{Sternickel2006,
    title = {{Biomagnetism using SQUIDs: status and perspectives}},
    year = {2006},
    journal = {Superconductor Science and Technology},
    author = {Sternickel, Karsten and Braginski, Alex I},
    number = {3},
    month = {3},
    pages = {S160-S171},
    volume = {19},
    publisher = {IOP Publishing},
    url = {http://stacks.iop.org/0953-2048/19/i=3/a=024?key=crossref.7350e09f315dd460545533072cbd2230},
    doi = {10.1088/0953-2048/19/3/024},
    issn = {0953-2048}
}

@article{Liu2006,
    title = {{Integration of EEG/MEG with MRI and fMRI.}},
    year = {2006},
    journal = {IEEE engineering in medicine and biology magazine : the quarterly magazine of the Engineering in Medicine {\&} Biology Society},
    author = {Liu, Zhongming and Ding, Lei and He, Bin},
    number = {4},
    pages = {46--53},
    volume = {25},
    publisher = {NIH Public Access},
    url = {http://www.ncbi.nlm.nih.gov/pubmed/16898658 http://www.pubmedcentral.nih.gov/articlerender.fcgi?artid=PMC1815485},
    issn = {0739-5175},
    pmid = {16898658}
}

@article{Liu2015,
    title = {{Multimodal neuroimaging computing: a review of the applications in neuropsychiatric disorders}},
    year = {2015},
    journal = {Brain Informatics},
    author = {Liu, Sidong and Cai, Weidong and Liu, Siqi and Zhang, Fan and Fulham, Michael and Feng, Dagan and Pujol, Sonia and Kikinis, Ron},
    number = {3},
    pages = {167},
    volume = {2},
    publisher = {Springer},
    doi = {10.1007/s40708-015-0019-x},
    pmid = {26870629}
}

@article{Liu2015b,
    title = {{Multimodal neuroimaging computing: the workflows, methods, and platforms.}},
    year = {2015},
    journal = {Brain informatics},
    author = {Liu, Sidong and Cai, Weidong and Liu, Siqi and Zhang, Fan and Fulham, Michael and Feng, Dagan and Pujol, Sonia and Kikinis, Ron},
    number = {3},
    pages = {181--195},
    volume = {2},
    publisher = {Springer},
    url = {http://www.ncbi.nlm.nih.gov/pubmed/26870630 http://www.pubmedcentral.nih.gov/articlerender.fcgi?artid=PMC4737665},
    doi = {10.1007/s40708-015-0020-4},
    issn = {2198-4018},
    pmid = {26870630},
    keywords = {Medical image computing, Multimodal, Neuroimaging}
}

@article{Sharon2007,
    title = {{The advantage of combining MEG and EEG: comparison to fMRI in focally stimulated visual cortex.}},
    year = {2007},
    journal = {NeuroImage},
    author = {Sharon, Dahlia and H{\"{a}}m{\"{a}}l{\"{a}}inen, Matti S and Tootell, Roger B H and Halgren, Eric and Belliveau, John W},
    number = {4},
    pages = {1225--1235},
    volume = {36},
    publisher = {Elsevier Inc.},
    url = {http://www.pubmedcentral.nih.gov/articlerender.fcgi?artid=2706118&tool=pmcentrez&rendertype=abstract},
    institution = {MGH/MIT/HMS Athinoula A. Martinos Center for Biomedical Imaging, Department of Radiology, Massachusetts General Hospital, Charlestown, MA 02129, USA. dahlia@mmr.mgh.harvard.edu}
}

@article{Klamer2015,
    title = {{Differences Between MEG and High-Density EEG Source Localizations Using a Distributed Source Model in Comparison to fMRI}},
    year = {2015},
    journal = {Brain Topography},
    author = {Klamer, Silke and Elshahabi, Adham and Lerche, Holger and Braun, Christoph and Erb, Michael and Scheffler, Klaus and Focke, Niels K.},
    number = {1},
    month = {1},
    pages = {87--94},
    volume = {28},
    publisher = {Springer US},
    url = {http://link.springer.com/10.1007/s10548-014-0405-3},
    doi = {10.1007/s10548-014-0405-3},
    issn = {0896-0267}
}

@article{Cuffin1979,
    title = {{Comparison of the magnetoencephalogram and electroencephalogram.}},
    year = {1979},
    journal = {Electroencephalography and clinical neurophysiology},
    author = {Cuffin, B N and Cohen, D},
    number = {2},
    month = {8},
    pages = {132--46},
    volume = {47},
    url = {http://www.ncbi.nlm.nih.gov/pubmed/95707},
    issn = {0013-4694},
    pmid = {95707}
}

@incollection{Kass2017,
    title = {{Chapter 22 – Seizures and Epilepsy}},
    year = {2017},
    booktitle = {Neurology Secrets},
    author = {Kass, Joseph S. and Mizrahi, Eli M. and Maheshwari, Atul and Haneef, Zulfi},
    chapter = {22},
    pages = {301--323},
    isbn = {9780323359481},
    doi = {10.1016/B978-0-323-35948-1.00022-X}
}

@incollection{Assad2015,
    title = {{Chapter 11 – Imaging and Epilepsy: The Key to Surgical Success}},
    year = {2015},
    booktitle = {Image-Guided Neurosurgery},
    author = {Asaad, Wael and Cosgrove, G. Rees},
    pages = {263--276},
    isbn = {9780128008706},
    doi = {10.1016/B978-0-12-800870-6.00011-X}
}

@article{Ramey2013,
    title = {{Current management and surgical outcomes of medically intractable epilepsy.}},
    year = {2013},
    journal = {Clinical neurology and neurosurgery},
    author = {Ramey, Wyatt L and Martirosyan, Nikolay L and Lieu, Corinne M and Hasham, Hasnain A and Lemole, G Michael and Weinand, Martin E},
    number = {12},
    month = {12},
    pages = {2411--8},
    volume = {115},
    url = {http://www.sciencedirect.com/science/article/pii/S0303846713003892},
    doi = {10.1016/j.clineuro.2013.09.035},
    issn = {1872-6968},
    pmid = {24169149},
    keywords = {Anterior Temporal Lobectomy, Drug Resistance, Epilepsy, Epilepsy: surgery, Hemispherectomy, Humans, Neurosurgical Procedures, Neurosurgical Procedures: methods, Seizures, Seizures: prevention {\&} control, Seizures: surgery, Temporal Lobe, Temporal Lobe: surgery, Treatment Outcome}
}

@incollection{Frohlich2016,
    title = {{Chapter 24 – Epilepsy}},
    year = {2016},
    booktitle = {Network Neuroscience},
    author = {Fr{\"{o}}hlich, Flavio and Fr{\"{o}}hlich, Flavio},
    pages = {297--308},
    isbn = {9780128015605},
    doi = {10.1016/B978-0-12-801560-5.00024-0}
}

@book{Schomer2010,
    title = {{Niedermeyer's Electroencephalography : Basic Principles, Clinical Applications, and Related Fields.}},
    year = {2010},
    author = {Schomer, Donald L. and Lopes da Silva, Fernando.},
    pages = {1291},
    publisher = {Wolters Kluwer Health},
    isbn = {0781789427}
}

@article{Jacobs2012,
    title = {{High-frequency oscillations (HFOs) in clinical epilepsy.}},
    year = {2012},
    journal = {Progress in neurobiology},
    author = {Jacobs, J and Staba, R and Asano, E and Otsubo, H and Wu, J Y and Zijlmans, M and Mohamed, I and Kahane, P and Dubeau, F and Navarro, V and Gotman, J},
    number = {3},
    month = {9},
    pages = {302--15},
    volume = {98},
    url = {http://www.sciencedirect.com/science/article/pii/S0301008212000330},
    doi = {10.1016/j.pneurobio.2012.03.001},
    issn = {1873-5118},
    pmid = {22480752},
    keywords = {Biological Clocks, Electroencephalography, Electroencephalography: methods, Epilepsy, Epilepsy: diagnosis, Epilepsy: physiopathology, Hippocampus, Hippocampus: physiopathology, Humans, Models, Neurological, Nerve Net, Nerve Net: physiopathology, Neurological}
}

@article{Franco2014,
    title = {{Off-Label Prescribing of Antiepileptic Drugs in Pharmacoresistant Epilepsy: A Cross-Sectional Drug Utilization Study of Tertiary Care Centers in Italy}},
    year = {2014},
    journal = {CNS Drugs},
    author = {Franco, Valentina and Canevini, Maria Paola and Capovilla, Giuseppe and De Sarro, Giovambattista and Galimberti, Carlo Andrea and Gatti, Giuliana and Guerrini, Renzo and La Neve, Angela and Rosati, Eleonora and Specchio, Luigi Maria and Striano, Salvatore and Tinuper, Paolo and Perucca, Emilio},
    number = {10},
    month = {10},
    pages = {939--949},
    volume = {28},
    publisher = {Springer International Publishing},
    url = {http://link.springer.com/10.1007/s40263-014-0189-8},
    doi = {10.1007/s40263-014-0189-8},
    issn = {1172-7047}
}

@article{Alexpoulos2013,
    title = {{Pharmacoresistant epilepsy: Definition and explanation}},
    year = {2013},
    journal = {Epileptology},
    author = {Alexopoulos, Andreas V.},
    number = {1},
    pages = {38--42},
    volume = {1},
    doi = {10.1016/j.epilep.2013.01.001},
    issn = {22128220}
}

@article{Schulze2014,
    title = {{The preoperative evaluation and surgical treatment of epilepsy.}},
    year = {2014},
    journal = {Deutsches Arzteblatt international},
    author = {Schulze-Bonhage, Andreas and Zentner, Josef},
    number = {18},
    month = {5},
    pages = {313--9},
    volume = {111},
    publisher = {Deutscher Arzte-Verlag GmbH},
    url = {http://www.ncbi.nlm.nih.gov/pubmed/24861650 http://www.pubmedcentral.nih.gov/articlerender.fcgi?artid=PMC4038043},
    doi = {10.3238/arztebl.2014.0313},
    issn = {1866-0452},
    pmid = {24861650}
}

@article{Pittau2014,
    title = {{The role of functional neuroimaging in pre-surgical epilepsy evaluation.}},
    year = {2014},
    journal = {Frontiers in neurology},
    author = {Pittau, Francesca and Grouiller, Frédéric and Spinelli, Laurent and Seeck, Margitta and Michel, Christoph M and Vulliemoz, Serge},
    pages = {31},
    volume = {5},
    publisher = {Frontiers Media SA},
    url = {http://www.ncbi.nlm.nih.gov/pubmed/24715886 http://www.pubmedcentral.nih.gov/articlerender.fcgi?artid=PMC3970017},
    doi = {10.3389/fneur.2014.00031},
    pmid = {24715886},
    keywords = {EEG-fMRI, ESI, MRS, PET, SPECT, focal epilepsy, functional neuroimaging}
}

@article{Rosenow2001,
    title = {{Presurgical evaluation of epilepsy.}},
    year = {2001},
    journal = {Brain : a journal of neurology},
    author = {Rosenow, F and L{\"{u}}ders, H},
    number = {Pt 9},
    month = {9},
    pages = {1683--700},
    volume = {124},
    url = {http://www.ncbi.nlm.nih.gov/pubmed/11522572},
    issn = {0006-8950},
    pmid = {11522572}
}

@article{Luders2006,
    title = {{The epileptogenic zone: general principles.}},
    year = {2006},
    journal = {Epileptic disorders : international epilepsy journal with videotape},
    author = {L{\"{u}}ders, Hans O and Najm, Imad and Nair, Dileep and Widdess-Walsh, Peter and Bingman, William},
    month = {8},
    pages = {1--9},
    volume = {8 Suppl 2},
    url = {http://www.ncbi.nlm.nih.gov/pubmed/17012067},
    issn = {1294-9361},
    pmid = {17012067}
}

@article{Tamilia2017,
    title = {{Current and Emerging Potential of Magnetoencephalography in the Detection and Localization of High-Frequency Oscillations in Epilepsy}},
    year = {2017},
    author = {Tamilia, Eleonora and Madsen, Joseph R and Grant, Patricia Ellen and Pearl, Phillip L},
    number = {January},
    pages = {1--28},
    volume = {8},
    doi = {10.3389/fneur.2017.00014},
    issn = {1664-2295},
    keywords = {epilepsy, epilepsy surgery, epileptogenic zone, high-frequency oscillations, magnetoencephalography, source localization}
}

@article{Rummel2015,
    title = {{Resected Brain Tissue, Seizure Onset Zone and Quantitative EEG Measures: Towards Prediction of Post-Surgical Seizure Control.}},
    year = {2015},
    journal = {PloS one},
    author = {Rummel, Christian and Abela, Eugenio and Andrzejak, Ralph G and Hauf, Martinus and Pollo, Claudio and M{\"{u}}ller, Markus and Weisstanner, Christian and Wiest, Roland and Schindler, Kaspar},
    number = {10},
    pages = {e0141023},
    volume = {10},
    publisher = {Public Library of Science},
    url = {http://www.ncbi.nlm.nih.gov/pubmed/26513359 http://www.pubmedcentral.nih.gov/articlerender.fcgi?artid=PMC4626164},
    doi = {10.1371/journal.pone.0141023},
    issn = {1932-6203},
    pmid = {26513359}
}

@article{Talairach1966,
    title = {{Lesion, {\&}quot;irritative{\&}quot; zone and epileptogenic focus.}},
    year = {1966},
    journal = {Confinia neurologica},
    author = {Talairach, J and Bancaud, J},
    number = {1},
    pages = {91--4},
    volume = {27},
    url = {http://www.ncbi.nlm.nih.gov/pubmed/5334025},
    issn = {0010-5678},
    pmid = {5334025}
}

@incollection{Talairach1973,
    title = {{Stereotaxic Approach to Epilepsy}},
    year = {1973},
    author = {Talairach, J. and Bancaud, J.},
    pages = {297--354},
    publisher = {Karger Publishers},
    url = {http://www.karger.com/?doi=10.1159/000394343},
    isbn = {978-3-318-04096-8},
    doi = {10.1159/000394343}
}

@article{Ebrahim1986,
    title = {{Effect of etomidate on the electroencephalogram of patients with epilepsy.}},
    year = {1986},
    journal = {Anesthesia and analgesia},
    author = {Ebrahim, Z Y and DeBoer, G E and Luders, H and Hahn, J F and Lesser, R P},
    number = {10},
    month = {10},
    pages = {1004--6},
    volume = {65},
    url = {http://www.ncbi.nlm.nih.gov/pubmed/3752548},
    issn = {0003-2999},
    pmid = {3752548}
}

@article{Berg2003,
    title = {{The multicenter study of epilepsy surgery: recruitment and selection for surgery.}},
    year = {2003},
    journal = {Epilepsia},
    author = {Berg, Anne T and Vickrey, Barbara G and Langfitt, John T and Sperling, Michael R and Walczak, Thaddeus S and Shinnar, Shlomo and Bazil, Carl W and Pacia, Steven V and Spencer, Susan S and {Multicenter Study of Epilepsy Surgery}},
    number = {11},
    month = {11},
    pages = {1425--33},
    volume = {44},
    url = {http://www.ncbi.nlm.nih.gov/pubmed/14636351},
    issn = {0013-9580},
    pmid = {14636351}
}

@article{Uijl2005,
    title = {{What is the current evidence on decision-making after referral for temporal lobe epilepsy surgery? A review of the literature.}},
    year = {2005},
    journal = {Seizure},
    author = {Uijl, Sabine G and Leijten, Frans S S and Parra, Jaime and Arends, Johan B A M and van Huffelen, Alexander C and Moons, Karel G M},
    number = {8},
    month = {12},
    pages = {534--40},
    volume = {14},
    url = {http://linkinghub.elsevier.com/retrieve/pii/S1059131105001445 http://www.ncbi.nlm.nih.gov/pubmed/16169751},
    doi = {10.1016/j.seizure.2005.08.001},
    issn = {1059-1311},
    pmid = {16169751}
}

@article{Staba2014,
    title = {{Electrophysiological biomarkers of epilepsy.}},
    year = {2014},
    journal = {Neurotherapeutics : the journal of the American Society for Experimental NeuroTherapeutics},
    author = {Staba, Richard J and Stead, Matt and Worrell, Gregory A},
    number = {2},
    month = {4},
    pages = {334--46},
    volume = {11},
    publisher = {Springer},
    url = {http://www.ncbi.nlm.nih.gov/pubmed/24519238 http://www.pubmedcentral.nih.gov/articlerender.fcgi?artid=PMC3996122},
    doi = {10.1007/s13311-014-0259-0},
    issn = {1878-7479},
    pmid = {24519238}
}

@book{deCurtis2012,
    title = {{Interictal Epileptiform Discharges in Partial Epilepsy: Complex Neurobiological Mechanisms Based on Experimental and Clinical Evidence}},
    year = {2012},
    booktitle = {Jasper's Basic Mechanisms of the Epilepsies},
    author = {de Curtis, Marco and Jefferys, John G R and Avoli, Massimo},
    publisher = {National Center for Biotechnology Information (US)},
    url = {http://www.ncbi.nlm.nih.gov/pubmed/22787635},
    pmid = {22787635}
}

@article{Ramantani2006,
    title = {{MEG Versus EEG: Influence of Background Activity on Interictal Spike Detection}},
    year = {2006},
    journal = {Journal of Clinical Neurophysiology},
    author = {Ramantani, Georgia and Boor, Rainer and Paetau, Ritva and Ille, Nicole and Feneberg, Reinhard and Rupp, Andre and Boppel, Tobias and Scherg, Michael and Rating, Dietz and Bast, Thomas},
    number = {6},
    month = {12},
    pages = {498--508},
    volume = {23},
    url = {http://www.ncbi.nlm.nih.gov/pubmed/17143138 http://content.wkhealth.com/linkback/openurl?sid=WKPTLP:landingpage&an=00004691-200612000-00002},
    doi = {10.1097/01.wnp.0000240873.69759.cc},
    issn = {0736-0258},
    pmid = {17143138}
}

@article{Nowak2009,
    title = {{Toward a definition of MEG spike: parametric description of spikes recorded simultaneously by MEG and depth electrodes.}},
    year = {2009},
    journal = {Seizure : the journal of the British Epilepsy Association},
    author = {Nowak, Rafal and Santiuste, Marta and Russi, Antonio},
    number = {9},
    month = {11},
    pages = {652--5},
    volume = {18},
    url = {http://www.ncbi.nlm.nih.gov/pubmed/19656691},
    doi = {10.1016/j.seizure.2009.07.002},
    issn = {1532-2688},
    pmid = {19656691},
    keywords = {Action Potentials, Adolescent, Brain, Brain: physiopathology, Child, Electrodes, Electrodes, Implanted, Epilepsy, Epilepsy: physiopathology, Female, Humans, Implanted, Magnetoencephalography, Male}
}

@article{Baumgartner2004,
    title = {{Controversies in clinical neurophysiology. MEG is superior to EEG in the localization of interictal epileptiform activity: Con}},
    year = {2004},
    journal = {Clinical Neurophysiology},
    author = {Baumgartner, Christoph},
    number = {5},
    month = {5},
    pages = {1010--1020},
    volume = {115},
    url = {http://www.ncbi.nlm.nih.gov/pubmed/15066524 http://linkinghub.elsevier.com/retrieve/pii/S1388245703004802},
    doi = {10.1016/j.clinph.2003.12.010},
    issn = {13882457},
    pmid = {15066524}
}

@article{Keller2010,
    title = {{Heterogeneous neuronal firing patterns during interictal epileptiform discharges in the human cortex}},
    year = {2010},
    journal = {Brain},
    author = {Keller, C. J. and Truccolo, W. and Gale, J. T. and Eskandar, E. and Thesen, T. and Carlson, C. and Devinsky, O. and Kuzniecky, R. and Doyle, W. K. and Madsen, J. R. and Schomer, D. L. and Mehta, A. D. and Brown, E. N. and Hochberg, L. R. and Ulbert, I. and Halgren, E. and Cash, S. S.},
    number = {6},
    month = {6},
    pages = {1668--1681},
    volume = {133},
    url = {http://www.ncbi.nlm.nih.gov/pubmed/20511283 http://www.pubmedcentral.nih.gov/articlerender.fcgi?artid=PMC2877906 https://academic.oup.com/brain/article-lookup/doi/10.1093/brain/awq112},
    doi = {10.1093/brain/awq112},
    issn = {0006-8950},
    pmid = {20511283}
}

@article{Zijlmans2002,
    title = {{Modality-specific spike identification in simultaneous magnetoencephalography/electroencephalography: a methodological approach.}},
    year = {2002},
    journal = {Journal of clinical neurophysiology : official publication of the American Electroencephalographic Society},
    author = {Zijlmans, Maeike and Huiskamp, Geertjan M and Leijten, Frans S S and Van Der Meij, Wil M and Wieneke, George and Van Huffelen, Alexander C},
    number = {3},
    month = {6},
    pages = {183--91},
    volume = {19},
    url = {http://www.ncbi.nlm.nih.gov/pubmed/12226563},
    issn = {0736-0258},
    pmid = {12226563}
}

@article{Iwasaki2003,
    title = {{Focal magnetoencephalographic spikes in the superior temporal plane undetected by scalp EEG.}},
    year = {2003},
    journal = {Journal of clinical neuroscience : official journal of the Neurosurgical Society of Australasia},
    author = {Iwasaki, Masaki and Nakasato, Nobukazu and Shamoto, Hiroshi and Yoshimoto, Takashi},
    number = {2},
    month = {3},
    pages = {236--8},
    volume = {10},
    url = {http://www.ncbi.nlm.nih.gov/pubmed/12637058},
    issn = {0967-5868},
    pmid = {12637058}
}

@book{Penfield1954,
    title = {{Epilepsy and the functional anatomy of the human brain}},
    year = {1954},
    booktitle = {Electroencephalography and Clinical Neurophysiology},
    author = {Penfield, Wilder and Jasper, Herbert},
    editor = {Gastaut, Henri},
    month = {1},
    pages = {896},
    volume = {6},
    publisher = {Elsevier},
    url = {http://linkinghub.elsevier.com/retrieve/pii/0013469454901030},
    address = {London},
    doi = {10.1016/0013-4694(54)90103-0}
}

@article{Bartolomei2016,
    title = {{What is the concordance between the seizure onset zone and the irritative zone? A SEEG quantified study}},
    year = {2016},
    journal = {Clinical Neurophysiology},
    author = {Bartolomei, Fabrice and Tr{\'{e}}buchon, Agnes and Bonini, Francesca and Lambert, Isabelle and Gavaret, Martine and Woodman, Marmaduke and Giusiano, Bernard and Wendling, Fabrice and B{\'{e}}nar, Christian},
    number = {2},
    month = {2},
    pages = {1157--1162},
    volume = {127},
    url = {http://www.ncbi.nlm.nih.gov/pubmed/26520456 http://linkinghub.elsevier.com/retrieve/pii/S1388245715009827},
    doi = {10.1016/j.clinph.2015.10.029},
    issn = {13882457},
    pmid = {26520456},
    keywords = {Focal cortical dysplasia, Focal epilepsy, SEEG, Seizures, Spikes}
}

@article{Jefferys2012,
    title = {{Mechanisms of physiological and epileptic HFO generation.}},
    year = {2012},
    journal = {Progress in neurobiology},
    author = {Jefferys, John G R and Menendez de la Prida, Liset and Wendling, Fabrice and Bragin, Anatol and Avoli, Massimo and Timofeev, Igor and Lopes da Silva, Fernando H},
    number = {3},
    month = {9},
    pages = {250--64},
    volume = {98},
    publisher = {PMC Canada manuscript submission},
    url = {http://www.ncbi.nlm.nih.gov/pubmed/22420980 http://www.pubmedcentral.nih.gov/articlerender.fcgi?artid=PMC4873284},
    doi = {10.1016/j.pneurobio.2012.02.005},
    issn = {1873-5118},
    pmid = {22420980}
}

@article{Worrel2012,
    title = {{Recording and analysis techniques for high-frequency oscillations.}},
    year = {2012},
    journal = {Progress in neurobiology},
    author = {Worrell, G a and Jerbi, K and Kobayashi, K and Lina, J M and Zelmann, R and Le Van Quyen, M},
    number = {3},
    month = {3},
    pages = {265--278},
    volume = {98},
    publisher = {Elsevier Ltd},
    url = {http://www.ncbi.nlm.nih.gov/pubmed/22420981},
    doi = {10.1016/j.pneurobio.2012.02.006},
    issn = {1873-5118},
    pmid = {22420981},
    keywords = {Microelectrodes, Quantitative analysis, Wide bandwith acquisition, human partial epilepsy, intracranial electrodes}
}

@article{Fujiwara2012,
    title = {{Resection of ictal high-frequency oscillations leads to favorable surgical outcome in pediatric epilepsy.}},
    year = {2012},
    journal = {Epilepsia},
    author = {Fujiwara, Hisako and Greiner, Hansel M and Lee, Ki Hyeong and Holland-Bouley, Katherine D and Seo, Joo Hee and Arthur, Todd and Mangano, Francesco T and Leach, James L and Rose, Douglas F},
    number = {9},
    month = {9},
    pages = {1607--17},
    volume = {53},
    url = {http://www.ncbi.nlm.nih.gov/pubmed/22905734 http://www.pubmedcentral.nih.gov/articlerender.fcgi?artid=PMC3520059},
    doi = {10.1111/j.1528-1167.2012.03629.x},
    issn = {1528-1167},
    pmid = {22905734}
}

@article{YanPing2015,
    title = {{High frequency Oscillations and the Seizure Onset Zones in Neocortical Epilepsy.}},
    year = {2015},
    journal = {Chinese medical journal},
    author = {Sun, Yan-Ping and Wang, Yu-Ping and Wang, Zhi-Hong and Wu, Feng-Yu and Tang, Li-Ou and Zhang, Shou-Wen and Pei, Hai-Tao and Wang, Yan and Huang, Zhao-Yang and Xue, Qing and Xu, Cui-Ping and Tai, Jun-Li},
    number = {13},
    month = {7},
    pages = {1724--7},
    volume = {128},
    url = {http://www.ncbi.nlm.nih.gov/pubmed/26112710 http://www.pubmedcentral.nih.gov/articlerender.fcgi?artid=PMC4733720},
    doi = {10.4103/0366-6999.159342},
    issn = {0366-6999},
    pmid = {26112710}
}

@article{Jiruska2010,
    title = {{High-Frequency Network Activity, Global Increase in Neuronal Activity, and Synchrony Expansion Precede Epileptic Seizures In Vitro}},
    year = {2010},
    journal = {Journal of Neuroscience},
    author = {Jiruska, P. and Csicsvari, J. and Powell, A. D. and Fox, J. E. and Chang, W. C. and Vreugdenhil, M. and Li, X. and Palus, M. and Bujan, A. F. and Dearden, R. W. and Jefferys, J. G. R.},
    number = {16},
    month = {4},
    pages = {5690--5701},
    volume = {30},
    url = {http://www.ncbi.nlm.nih.gov/pubmed/20410121 http://www.jneurosci.org/cgi/doi/10.1523/JNEUROSCI.0535-10.2010},
    doi = {10.1523/JNEUROSCI.0535-10.2010},
    issn = {0270-6474},
    pmid = {20410121}
}

@article{Urrestarazu2007,
    title = {{Interictal high-frequency oscillations (100 500 Hz) in the intracerebral EEG of epileptic patients}},
    year = {2007},
    journal = {Brain},
    author = {Urrestarazu, E. and Chander, R. and Dubeau, F. and Gotman, J.},
    number = {9},
    month = {9},
    pages = {2354--2366},
    volume = {130},
    url = {http://www.ncbi.nlm.nih.gov/pubmed/17626037 https://academic.oup.com/brain/article-lookup/doi/10.1093/brain/awm149},
    doi = {10.1093/brain/awm149},
    issn = {0006-8950},
    pmid = {17626037}
}

@article{Engel2009,
    title = {{High-frequency oscillations: What is normal and what is not?}},
    year = {2009},
    journal = {Epilepsia},
    author = {Engel Jr, Jerome and Bragin, Anatol and Staba, Richard and Mody, Istvan},
    number = {4},
    month = {4},
    pages = {598--604},
    volume = {50},
    url = {http://www.ncbi.nlm.nih.gov/pubmed/19055491 http://doi.wiley.com/10.1111/j.1528-1167.2008.01917.x},
    doi = {10.1111/j.1528-1167.2008.01917.x},
    issn = {00139580},
    pmid = {19055491}
}

@article{Jacobs2008,
    title = {{Interictal high-frequency oscillations (80-500 Hz) are an indicator of seizure onset areas independent of spikes in the human epileptic brain}},
    year = {2008},
    journal = {Epilepsia},
    author = {Jacobs, Julia and LeVan, Pierre and Chander, Rahul and Hall, Jeffery and Dubeau, François and Gotman, Jean},
    number = {11},
    month = {11},
    pages = {1893--1907},
    volume = {49},
    url = {http://www.ncbi.nlm.nih.gov/pubmed/18479382 http://www.pubmedcentral.nih.gov/articlerender.fcgi?artid=PMC3792077 http://doi.wiley.com/10.1111/j.1528-1167.2008.01656.x},
    doi = {10.1111/j.1528-1167.2008.01656.x},
    issn = {00139580},
    pmid = {18479382}
}

@article{Papadelis2016,
    title = {{Interictal High Frequency Oscillations Detected with Simultaneous Magnetoencephalography and Electroencephalography as Biomarker of Pediatric Epilepsy.}},
    year = {2016},
    journal = {Journal of visualized experiments : JoVE},
    author = {Papadelis, Christos and Tamilia, Eleonora and Stufflebeam, Steven and Grant, Patricia E and Madsen, Joseph R and Pearl, Phillip L and Tanaka, Naoaki},
    number = {118},
    month = {12},
    publisher = {MyJoVE Corporation},
    url = {http://www.ncbi.nlm.nih.gov/pubmed/28060325 http://www.pubmedcentral.nih.gov/articlerender.fcgi?artid=PMC5226354},
    doi = {10.3791/54883},
    issn = {1940-087X},
    pmid = {28060325}
}

@article{Kobayashi2010,
    title = {{Scalp-recorded high-frequency oscillations in childhood sleep-induced electrical status epilepticus}},
    year = {2010},
    journal = {Epilepsia},
    author = {Kobayashi, Katsuhiro and Watanabe, Yoshiaki and Inoue, Takushi and Oka, Makio and Yoshinaga, Harumi and Ohtsuka, Yoko},
    number = {10},
    month = {10},
    pages = {2190--2194},
    volume = {51},
    url = {http://www.ncbi.nlm.nih.gov/pubmed/20384717 http://doi.wiley.com/10.1111/j.1528-1167.2010.02565.x},
    doi = {10.1111/j.1528-1167.2010.02565.x},
    issn = {00139580},
    pmid = {20384717}
}

@article{Nissen2016,
    title = {{Brain areas with epileptic high frequency oscillations are functionally isolated in MEG virtual electrode networks}},
    year = {2016},
    journal = {Clinical Neurophysiology},
    author = {Nissen, Ida A. and van Klink, Nicole E.C. and Zijlmans, Maeike and Stam, Cornelis J. and Hillebrand, Arjan},
    number = {7},
    month = {7},
    pages = {2581--2591},
    volume = {127},
    url = {http://www.ncbi.nlm.nih.gov/pubmed/27291877 http://linkinghub.elsevier.com/retrieve/pii/S1388245716300323},
    doi = {10.1016/j.clinph.2016.04.013},
    issn = {13882457},
    pmid = {27291877},
    keywords = {Beamformer virtual electrodes, Betweenness centrality, Epileptogenic zone, High frequency oscillations, Irritative zone, MEG, Network hub}
}

@article{Zelmann2014,
    title = {{Scalp EEG is not a Blur: It Can See High Frequency Oscillations Although Their Generators are Small}},
    year = {2014},
    journal = {Brain Topography},
    author = {Zelmann, R. and Lina, J. M. and Schulze-Bonhage, A. and Gotman, J. and Jacobs, J.},
    number = {5},
    month = {9},
    pages = {683--704},
    volume = {27},
    url = {http://www.ncbi.nlm.nih.gov/pubmed/24141890 http://link.springer.com/10.1007/s10548-013-0321-y},
    doi = {10.1007/s10548-013-0321-y},
    issn = {0896-0267},
    pmid = {24141890}
}

@article{vonEllenrieder2016,
    title = {{Detection and Magnetic Source Imaging of Fast Oscillations (40-160 Hz) Recorded with Magnetoencephalography in Focal Epilepsy Patients.}},
    year = {2016},
    journal = {Brain topography},
    author = {von Ellenrieder, Nicolás and Pellegrino, Giovanni and Hedrich, Tanguy and Gotman, Jean and Lina, Jean-Marc and Grova, Christophe and Kobayashi, Eliane},
    number = {2},
    month = {3},
    pages = {218--31},
    volume = {29},
    url = {http://www.ncbi.nlm.nih.gov/pubmed/26830767 http://www.pubmedcentral.nih.gov/articlerender.fcgi?artid=PMC4754324},
    doi = {10.1007/s10548-016-0471-9},
    issn = {1573-6792},
    pmid = {26830767},
    keywords = {Automatic detection, Epilepsy, High frequency activity, Human, Source localization}
}

@article{Burnos2014,
    title = {{Human Intracranial High Frequency Oscillations (HFOs) Detected by Automatic Time-Frequency Analysis}},
    year = {2014},
    journal = {PLoS ONE},
    author = {Burnos, Sergey and Hilfiker, Peter and S{\"{u}}r{\"{u}}c{\"{u}}, Oguzkan and Scholkmann, Felix and Krayenb{\"{u}}hl, Niklaus and Grunwald, Thomas and Sarnthein, Johannes},
    editor = {Charpier, Stéphane},
    number = {4},
    month = {4},
    pages = {e94381},
    volume = {9},
    url = {http://dx.plos.org/10.1371/journal.pone.0094381},
    doi = {10.1371/journal.pone.0094381},
    issn = {1932-6203}
}

@article{Liu2016,
    title = {{Exploring the time-frequency content of high frequency oscillations for automated identification of seizure onset zone in epilepsy.}},
    year = {2016},
    journal = {Journal of neural engineering},
    author = {Liu, Su and Sha, Zhiyi and Sencer, Altay and Aydoseli, Aydin and Bebek, Nerse and Abosch, Aviva and Henry, Thomas and Gurses, Candan and Ince, Nuri Firat},
    number = {2},
    month = {4},
    pages = {026026},
    volume = {13},
    url = {http://www.ncbi.nlm.nih.gov/pubmed/26924828},
    isbn = {1741-2552},
    doi = {10.1088/1741-2560/13/2/026026},
    issn = {1741-2552},
    pmid = {26924828},
    keywords = {clustering, detection, epilepsy, high frequency oscillations, time–frequency}
}

@article{vonEllenrieder2012,
    title = {{Automatic detection of fast oscillations (40-200 Hz) in scalp EEG recordings.}},
    year = {2012},
    journal = {Clinical neurophysiology : official journal of the International Federation of Clinical Neurophysiology},
    author = {von Ellenrieder, Nicolás and Andrade-Valen{\c{c}}a, Luciana P and Dubeau, François and Gotman, Jean},
    number = {4},
    month = {4},
    pages = {670--80},
    volume = {123},
    publisher = {PMC Canada manuscript submission},
    url = {http://www.ncbi.nlm.nih.gov/pubmed/21940200 http://www.pubmedcentral.nih.gov/articlerender.fcgi?artid=PMC3774655},
    doi = {10.1016/j.clinph.2011.07.050},
    issn = {1872-8952},
    pmid = {21940200}
}

@article{Zelmann2012,
    title = {{A comparison between detectors of high frequency oscillations.}},
    year = {2012},
    journal = {Clinical neurophysiology : official journal of the International Federation of Clinical Neurophysiology},
    author = {Zelmann, R and Mari, F and Jacobs, J and Zijlmans, M and Dubeau, F and Gotman, J},
    number = {1},
    month = {1},
    pages = {106--16},
    volume = {123},
    url = {http://www.ncbi.nlm.nih.gov/pubmed/21763191 http://www.pubmedcentral.nih.gov/articlerender.fcgi?artid=PMC3782488},
    doi = {10.1016/j.clinph.2011.06.006},
    issn = {1872-8952},
    pmid = {21763191}
}

@article{Cho2012,
    title = {{Clinical utility of interictal high-frequency oscillations recorded with subdural macroelectrodes in partial epilepsy.}},
    year = {2012},
    journal = {Journal of clinical neurology (Seoul, Korea)},
    author = {Cho, Jounhong Ryan and Joo, Eun Yeon and Koo, Dae Lim and Hong, Seung Chyul and Hong, Seung Bong},
    number = {1},
    month = {3},
    pages = {22--34},
    volume = {8},
    publisher = {Korean Neurological Association},
    url = {http://www.ncbi.nlm.nih.gov/pubmed/22523510 http://www.pubmedcentral.nih.gov/articlerender.fcgi?artid=PMC3325429},
    doi = {10.3988/jcn.2012.8.1.22},
    issn = {2005-5013},
    pmid = {22523510},
    keywords = {fast ripple, high-frequency oscillations, intracranial EEG, partial epilepsy, ripple, seizure onset zone}
}

@article{Zijlmans2009,
    title = {{High-frequency oscillations mirror disease activity in patients with epilepsy}},
    year = {2009},
    author = {Zijlmans, Maeike and Dubeau, F},
    number = {92003481},
    pages = {979--986}
}

@article{Muthukumaraswamy2013,
    title = {{High-frequency brain activity and muscle artifacts in MEG/EEG: a review and recommendations.}},
    year = {2013},
    journal = {Frontiers in human neuroscience},
    author = {Muthukumaraswamy, Suresh D},
    month = {1},
    pages = {138},
    volume = {7},
    url = {http://www.pubmedcentral.nih.gov/articlerender.fcgi?artid=3625857&tool=pmcentrez&rendertype=abstract},
    doi = {10.3389/fnhum.2013.00138},
    issn = {1662-5161},
    pmid = {23596409}
}

@article{Andrade-Valenca2011,
    title = {{Interictal scalp fast oscillations as a marker of the seizure onset zone.}},
    year = {2011},
    journal = {Neurology},
    author = {Andrade-Valenca, L P and Dubeau, F and Mari, F and Zelmann, R and Gotman, J},
    number = {6},
    month = {8},
    pages = {524--31},
    volume = {77},
    url = {http://www.neurology.org/content/77/6/524.long},
    doi = {10.1212/WNL.0b013e318228bee2},
    issn = {1526-632X},
    pmid = {21753167},
    keywords = {Adult, Artifacts, Brain, Brain: pathology, Brain: physiopathology, Data Interpretation, Electroencephalography, Epilepsy, Epilepsy: physiopathology, Female, Humans, Male, Seizures, Seizures: pathology, Seizures: physiopathology, Sleep, Sleep: physiology, Statistical, Young Adult}
}

@article{Baillet2001,
    title = {{Electromagnetic brain mapping}},
    shorttitle = {Signal Processing Magazine, IEEE},
    year = {2001},
    journal = {IEEE Signal Processing Magazine},
    author = {Baillet, S. and Mosher, J.C. and Leahy, R.M.},
    number = {6},
    pages = {14--30},
    volume = {18},
    url = {http://ieeexplore.ieee.org/lpdocs/epic03/wrapper.htm?arnumber=962275},
    doi = {10.1109/79.962275},
    issn = {10535888},
    keywords = {Array signal processing, Brain mapping, Brain modeling, Digital signal processing, EEG, Electroencephalography, Humans, MEG, MEG/EEG, MEG/EEG source estimation, MEG/EEG source localization, Magnetoencephalography, Noninvasive treatment, Pathology, Phased arrays, array signal processing, blind source separation, cell assemblies, cognitive processes, digital filtering, electroencephalography, electromagnetic brain mapping, external electromagnetic signals, functional brain imaging, human brain function, image analysis, image modeling, image reconstruction, image resolution, magnetoencephalography, medical image processing, neural electrical activity, neural process timing, noninvasive measurements, phase synchrony estimation, reviews, signal processing techniques, temporal resolutions}
}

@article{Mosher1999,
    title = {{EEG and MEG: forward solutions for inverse methods.}},
    year = {1999},
    journal = {IEEE transactions on bio-medical engineering},
    author = {Mosher, J C and Leahy, R M and Lewis, P S},
    number = {3},
    month = {3},
    pages = {245--59},
    volume = {46},
    url = {http://www.ncbi.nlm.nih.gov/pubmed/10097460},
    issn = {0018-9294},
    pmid = {10097460}
}

@article{Zhang1995,
    title = {{A fast method to compute surface potentials generated by dipoles within multilayer anisotropic spheres.}},
    year = {1995},
    journal = {Physics in medicine and biology},
    author = {Zhang, Z},
    number = {3},
    month = {3},
    pages = {335--49},
    volume = {40},
    url = {http://www.ncbi.nlm.nih.gov/pubmed/7732066},
    issn = {0031-9155},
    pmid = {7732066}
}

@article{Ermer2001,
    title = {{Rapidly recomputable EEG forward models for realistic head shapes.}},
    year = {2001},
    journal = {Physics in medicine and biology},
    author = {Ermer, J J and Mosher, J C and Baillet, S and Leah, R M},
    number = {4},
    month = {4},
    pages = {1265--81},
    volume = {46},
    url = {http://www.ncbi.nlm.nih.gov/pubmed/11324964},
    issn = {0031-9155},
    pmid = {11324964}
}

@article{Fischer2005,
    title = {{Utilization of magnetoencephalography results to obtain favourable outcomes in epilepsy surgery.}},
    year = {2005},
    journal = {Brain : a journal of neurology},
    author = {Fischer, Michael J M and Scheler, Gabriela and Stefan, Hermann},
    number = {Pt 1},
    month = {1},
    pages = {153--7},
    volume = {128},
    url = {http://www.ncbi.nlm.nih.gov/pubmed/15563514},
    doi = {10.1093/brain/awh333},
    issn = {1460-2156},
    pmid = {15563514},
    keywords = {Adolescent, Adult, Epilepsy, Epilepsy: physiopathology, Epilepsy: surgery, Female, Humans, Magnetoencephalography, Magnetoencephalography: methods, Male, Middle Aged, Neurosurgical Procedures, Neurosurgical Procedures: methods, Preoperative Care, Preoperative Care: methods, Temporal Lobe, Temporal Lobe: physiopathology, Temporal Lobe: surgery, Treatment Outcome}
}

@article{Stefan2003,
    title = {{Magnetic brain source imaging of focal epileptic activity: a synopsis of 455 cases.}},
    year = {2003},
    journal = {Brain : a journal of neurology},
    author = {Stefan, H and Hummel, C and Scheler, G and Genow, A and Druschky, K and Tilz, C and Kaltenh{\"{a}}user, M and Hopfeng{\"{a}}rtner, R and Buchfelder, M and Romst{\"{o}}ck, J},
    number = {Pt 11},
    month = {11},
    pages = {2396--405},
    volume = {126},
    url = {http://www.ncbi.nlm.nih.gov/pubmed/12876149},
    doi = {10.1093/brain/awg239},
    issn = {0006-8950},
    pmid = {12876149},
    keywords = {Adolescent, Adult, Aged, Brain Mapping, Brain Mapping: methods, Child, Electroencephalography, Epilepsies, Female, Humans, Magnetic Resonance Imaging, Magnetoencephalography, Magnetoencephalography: methods, Male, Middle Aged, Partial, Partial: diagnosis, Partial: pathology, Partial: surgery, Preoperative Care, Preoperative Care: methods, Sensitivity and Specificity}
}

@article{Oishi2006,
    title = {{Single and multiple clusters of magnetoencephalographic dipoles in neocortical epilepsy: significance in characterizing the epileptogenic zone.}},
    year = {2006},
    journal = {Epilepsia},
    author = {Oishi, Makoto and Kameyama, Shigeki and Masuda, Hiroshi and Tohyama, Jun and Kanazawa, Osamu and Sasagawa, Mutsuo and Otsubo, Hiroshi},
    number = {2},
    month = {2},
    pages = {355--64},
    volume = {47},
    url = {http://www.ncbi.nlm.nih.gov/pubmed/16499760},
    doi = {10.1111/j.1528-1167.2006.00428.x},
    issn = {0013-9580},
    pmid = {16499760},
    keywords = {Adolescent, Adult, Brain Mapping, Child, Disease-Free Survival, Electrodes, Electroencephalography, Electroencephalography: statistics {\&} numerical dat, Epilepsy, Epilepsy: diagnosis, Epilepsy: physiopathology, Epilepsy: surgery, Female, Humans, Implanted, Magnetic Resonance Imaging, Magnetic Resonance Imaging: statistics {\&} numerical, Magnetoencephalography, Magnetoencephalography: statistics {\&} numerical dat, Male, Middle Aged, Neocortex, Neocortex: pathology, Neocortex: physiopathology, Neocortex: surgery, Preoperative Care, Retrospective Studies, Treatment Outcome}
}

@incollection{Heller2014,
    title = {{Electric and Magnetic Fields of the Brain}},
    year = {2014},
    booktitle = {Magnetoencephalography},
    author = {Heller, Leon and Volegov, Petr},
    pages = {73--105},
    publisher = {Springer Berlin Heidelberg},
    url = {http://link.springer.com/10.1007/978-3-642-33045-2_3},
    address = {Berlin, Heidelberg},
    doi = {10.1007/978-3-642-33045-2{\_}3}
}

@article{Barnard1967,
    title = {{The application of electromagnetic theory to electrocardiology. II. Numerical solution of the integral equations.}},
    year = {1967},
    journal = {Biophysical journal},
    author = {Barnard, A C and Duck, I M and Lynn, M S and Timlake, W P},
    number = {5},
    month = {9},
    pages = {463--91},
    volume = {7},
    publisher = {The Biophysical Society},
    url = {http://www.ncbi.nlm.nih.gov/pubmed/6058137 http://www.pubmedcentral.nih.gov/articlerender.fcgi?artid=PMC1368074},
    doi = {10.1016/S0006-3495(67)86599-8},
    issn = {0006-3495},
    pmid = {6058137}
}

@article{Lutkenhoner1998,
    title = {{Dipole source localization by means of maximum likelihood estimation I. Theory and simulations.}},
    year = {1998},
    journal = {Electroencephalography and clinical neurophysiology},
    author = {L{\"{u}}tkenh{\"{o}}ner, B},
    number = {4},
    month = {4},
    pages = {314--21},
    volume = {106},
    url = {http://www.ncbi.nlm.nih.gov/pubmed/9741759},
    issn = {0013-4694},
    pmid = {9741759},
    keywords = {Algorithms, Analysis of Variance, Computer Simulation, Electroencephalography, Electroencephalography: statistics {\&} numerical dat, Humans, Magnetoencephalography, Magnetoencephalography: statistics {\&} numerical dat, Models, Neurological}
}

@article{Tadel2011,
    title = {{Brainstorm: A user-friendly application for MEG/EEG analysis}},
    year = {2011},
    journal = {Computational Intelligence and Neuroscience},
    author = {Tadel, Franois and Baillet, Sylvain and Mosher, John C. and Pantazis, Dimitrios and Leahy, Richard M.},
    volume = {2011},
    isbn = {1687-5273},
    doi = {10.1155/2011/879716},
    issn = {16875265},
    pmid = {21584256},
    arxivId = {879716}
}

@article{vanVeen1988,
    title = {{Beamforming: a versatile approach to spatial filtering}},
    year = {1988},
    journal = {IEEE ASSP Magazine},
    author = {Van Veen, B.D. and Buckley, K.M.},
    number = {2},
    month = {4},
    pages = {4--24},
    volume = {5},
    url = {http://ieeexplore.ieee.org/document/665/},
    doi = {10.1109/53.665},
    issn = {0740-7467}
}

@article{vanVeen1997,
    title = {{Localization of brain electrical activity via linearly constrained minimum variance spatial filtering}},
    year = {1997},
    journal = {IEEE Transactions on Biomedical Engineering},
    author = {Van Veen, B.D. and Van Drongelen, W. and Yuchtman, M. and Suzuki, A.},
    number = {9},
    month = {9},
    pages = {867--880},
    volume = {44},
    url = {http://www.ncbi.nlm.nih.gov/pubmed/9282479 http://ieeexplore.ieee.org/document/623056/},
    doi = {10.1109/10.623056},
    issn = {00189294},
    pmid = {9282479}
}

@article{Hamalainen1993,
    title = {{Magnetoencephalography—theory, instrumentation, and applications to noninvasive studies of the working human brain}},
    year = {1993},
    journal = {Reviews of Modern Physics},
    author = {H{\"{a}}m{\"{a}}l{\"{a}}inen, Matti and Hari, Riitta and Ilmoniemi, Risto J. and Knuutila, Jukka and Lounasmaa, Olli V.},
    number = {2},
    month = {4},
    pages = {413--497},
    volume = {65},
    publisher = {American Physical Society},
    url = {http://link.aps.org/doi/10.1103/RevModPhys.65.413},
    doi = {10.1103/RevModPhys.65.413},
    issn = {0034-6861}
}

@inproceedings{Mosher2003,
    title = {{Equivalence of linear approaches in bioelectromagnetic inverse solutions}},
    year = {2003},
    booktitle = {IEEE Workshop on Statistical Signal Processing Proceedings},
    author = {Mosher, J. C. and Baillet, S. and Leahy, R. M.},
    pages = {294--297},
    volume = {2003-Janua},
    publisher = {IEEE},
    url = {http://ieeexplore.ieee.org/document/1289402/},
    isbn = {0780379977},
    doi = {10.1109/SSP.2003.1289402},
    issn = {0928-4257},
    keywords = {Current measurement, Equations, Forward contracts, Laboratories, Lead, Sensor arrays, Sensor systems, Statistics, Terminology, Time measurement}
}

@article{Taulu2004,
    title = {{Suppression of interference and artifacts by the Signal Space Separation Method.}},
    year = {2004},
    journal = {Brain topography},
    author = {Taulu, Samu and Kajola, Matti and Simola, Juha},
    number = {4},
    month = {1},
    pages = {269--75},
    volume = {16},
    url = {http://www.ncbi.nlm.nih.gov/pubmed/15379226},
    issn = {0896-0267},
    pmid = {15379226},
    keywords = {Artifacts, Brain, Brain Mapping, Brain: physiology, Computer-Assisted, Electroencephalography, Electromagnetic Fields, Humans, Magnetoencephalography, Models, Neurological, Signal Processing, Time Factors}
}

@article{Taulu2006,
    title = {{Spatiotemporal signal space separation method for rejecting nearby interference in MEG measurements.}},
    year = {2006},
    journal = {Physics in medicine and biology},
    author = {Taulu, S and Simola, J},
    number = {7},
    month = {4},
    pages = {1759--68},
    volume = {51},
    url = {http://www.ncbi.nlm.nih.gov/pubmed/16552102},
    doi = {10.1088/0031-9155/51/7/008},
    issn = {0031-9155},
    pmid = {16552102},
    keywords = {Algorithms, Analysis of Variance, Brain Mapping, Humans, Imaging, Magnetoencephalography, Magnetoencephalography: methods, Phantoms}
}

@book{Criswell2011,
    title = {{Cram's introduction to surface electromyography}},
    year = {2011},
    author = {Criswell, Eleanor. and Cram, Jeffrey R.},
    pages = {412},
    publisher = {Jones and Bartlett},
    isbn = {0763732745}
}

@article{Croft2000,
    title = {{Removal of ocular artifact from the EEG: a review}},
    year = {2000},
    journal = {Neurophysiologie Clinique/Clinical Neurophysiology},
    author = {Croft, R.J. and Barry, R.J.},
    number = {1},
    month = {2},
    pages = {5--19},
    volume = {30},
    url = {http://www.ncbi.nlm.nih.gov/pubmed/10740792 http://linkinghub.elsevier.com/retrieve/pii/S0987705300000551},
    doi = {10.1016/S0987-7053(00)00055-1},
    issn = {09877053},
    pmid = {10740792}
}

@incollection{Hamalainen2004,
    title = {{Basic Principles and Methods of Data Collection and Source Analysis.}},
    year = {2004},
    booktitle = {Brain mapping: The methods},
    author = {H{\"{a}}m{\"{a}}l{\"{a}}inen, Matti and Hari, Riitta},
    editor = {Toga, A and Mazziotta, J},
    chapter = {10},
    edition = {2nd}
}

@article{Whitham2007,
    title = {{Scalp electrical recording during paralysis: Quantitative evidence that EEG frequencies above 20Hz are contaminated by EMG}},
    year = {2007},
    journal = {Clinical Neurophysiology},
    author = {Whitham, Emma M. and Pope, Kenneth J. and Fitzgibbon, Sean P. and Lewis, Trent and Clark, C. Richard and Loveless, Stephen and Broberg, Marita and Wallace, Angus and DeLosAngeles, Dylan and Lillie, Peter and Hardy, Andrew and Fronsko, Rik and Pulbrook, Alyson and Willoughby, John O.},
    number = {8},
    month = {8},
    pages = {1877--1888},
    volume = {118},
    url = {http://www.ncbi.nlm.nih.gov/pubmed/17574912 http://linkinghub.elsevier.com/retrieve/pii/S1388245707001988},
    doi = {10.1016/j.clinph.2007.04.027},
    issn = {13882457},
    pmid = {17574912}
}

@article{Whitham2008,
    title = {{Thinking activates EMG in scalp electrical recordings.}},
    year = {2008},
    journal = {Clinical neurophysiology : official journal of the International Federation of Clinical Neurophysiology},
    author = {Whitham, Emma M and Lewis, Trent and Pope, Kenneth J and Fitzgibbon, Sean P and Clark, C Richard and Loveless, Stephen and DeLosAngeles, Dylan and Wallace, Angus K and Broberg, Marita and Willoughby, John O},
    number = {5},
    month = {5},
    pages = {1166--75},
    volume = {119},
    url = {http://linkinghub.elsevier.com/retrieve/pii/S138824570800045X http://www.ncbi.nlm.nih.gov/pubmed/18329954},
    doi = {10.1016/j.clinph.2008.01.024},
    issn = {1388-2457},
    pmid = {18329954}
}

@article{Hillebrand2013,
    title = {{Feasibility of clinical Magnetoencephalography (MEG) functional mapping in the presence of dental artefacts}},
    year = {2013},
    journal = {Clinical Neurophysiology},
    author = {Hillebrand, A and Fazio, P and de Munck, J.C. and van Dijk, B.W.},
    number = {1},
    month = {1},
    pages = {107--113},
    volume = {124},
    publisher = {International Federation of Clinical Neurophysiology},
    url = {http://www.ncbi.nlm.nih.gov/pubmed/22832101 http://linkinghub.elsevier.com/retrieve/pii/S1388245712004786},
    doi = {10.1016/j.clinph.2012.06.013},
    issn = {13882457},
    pmid = {22832101},
    keywords = {Artefact removal, Orthodontic, Sensorimotor cortex, Somatosensory evoked potential, beamforming, signal space separation}
}

@article{Cheyne2007,
    title = {{Event-related beamforming: a robust method for presurgical functional mapping using MEG.}},
    year = {2007},
    journal = {Clinical neurophysiology : official journal of the International Federation of Clinical Neurophysiology},
    author = {Cheyne, Douglas and Bostan, Andreea C and Gaetz, William and Pang, Elizabeth W},
    number = {8},
    month = {8},
    pages = {1691--704},
    volume = {118},
    url = {http://www.ncbi.nlm.nih.gov/pubmed/17587643},
    doi = {10.1016/j.clinph.2007.05.064},
    issn = {1388-2457},
    pmid = {17587643},
    keywords = {Adult, Artifacts, Auditory, Auditory Cortex, Auditory Cortex: physiology, Brain, Brain: surgery, Dental Implants, Evoked Potentials, Female, Humans, Magnetoencephalography, Magnetoencephalography: methods, Male, Metals, Middle Aged, Preoperative Care, Preoperative Care: methods, Somatosensory, Somatosensory Cortex, Somatosensory Cortex: physiology}
}

@article{Vrba2002,
    title = {{Magnetoencephalography: the art of finding a needle in a haystack}},
    year = {2002},
    journal = {Physica C: Superconductivity},
    author = {Vrba, J.},
    number = {1-4},
    month = {3},
    pages = {1--9},
    volume = {368},
    url = {http://www.sciencedirect.com/science/article/pii/S0921453401011315 http://linkinghub.elsevier.com/retrieve/pii/S0921453401011315},
    doi = {10.1016/S0921-4534(01)01131-5},
    issn = {09214534},
    keywords = {Beamformers, Magnetoencephalography, Synthetic gradiometers}
}

@article{Fatima2013,
    title = {{ICA-based artifact correction improves spatial localization of adaptive spatial filters in MEG}},
    year = {2013},
    journal = {NeuroImage},
    author = {Fatima, Zainab and Quraan, Maher A. and Kovacevic, Natasa and McIntosh, Anthony Randal},
    month = {9},
    pages = {284--294},
    volume = {78},
    url = {http://www.ncbi.nlm.nih.gov/pubmed/23603349 http://linkinghub.elsevier.com/retrieve/pii/S1053811913003807},
    doi = {10.1016/j.neuroimage.2013.04.033},
    issn = {10538119},
    pmid = {23603349}
}

@article{Escudero2011,
    title = {{Quantitative Evaluation of Artifact Removal in Real Magnetoencephalogram Signals with Blind Source Separation}},
    year = {2011},
    journal = {Annals of Biomedical Engineering},
    author = {Escudero, Javier and Hornero, Roberto and Ab{\'{a}}solo, Daniel and Fern{\'{a}}ndez, Alberto},
    number = {8},
    month = {8},
    pages = {2274--2286},
    volume = {39},
    url = {http://link.springer.com/10.1007/s10439-011-0312-7},
    doi = {10.1007/s10439-011-0312-7},
    issn = {0090-6964}
}

@article{Breuer2014,
    title = {{A Constrained ICA Approach for Real-Time Cardiac Artifact Rejection in Magnetoencephalography}},
    year = {2014},
    journal = {IEEE Transactions on Biomedical Engineering},
    author = {Breuer, Lukas and Dammers, Jurgen and Roberts, Timothy P. L. and Shah, N. Jon},
    number = {2},
    month = {2},
    pages = {405--414},
    volume = {61},
    url = {http://www.ncbi.nlm.nih.gov/pubmed/24001953 http://ieeexplore.ieee.org/document/6587733/},
    doi = {10.1109/TBME.2013.2280143},
    issn = {0018-9294},
    pmid = {24001953}
}

@article{Mantini2008,
    title = {{Improving MEG source localizations: An automated method for complete artifact removal based on independent component analysis}},
    year = {2008},
    journal = {NeuroImage},
    author = {Mantini, D. and Franciotti, R. and Romani, G.L. and Pizzella, V.},
    number = {1},
    month = {3},
    pages = {160--173},
    volume = {40},
    url = {http://www.ncbi.nlm.nih.gov/pubmed/18155928 http://linkinghub.elsevier.com/retrieve/pii/S1053811907010543},
    doi = {10.1016/j.neuroimage.2007.11.022},
    issn = {10538119},
    pmid = {18155928}
}

@article{Romero2009,
    title = {{Ocular reduction in EEG signals based on adaptive filtering, regression and blind source separation.}},
    year = {2009},
    journal = {Annals of Biomedical Engineering},
    author = {Romero, S and Ma{\~{n}}anas, M A and Barbanoj, M J},
    number = {1},
    pages = {176--191},
    volume = {37},
    url = {http://www.ncbi.nlm.nih.gov/pubmed/18985453},
    institution = {Department of Automatic Control (ESAII), Biomedical Engineering Research Center, Universitat Politecnica de Catalunya (UPC), Barcelona, Spain. sergio.romero-lafuente@upc.edu},
    pmid = {18985453},
    keywords = {algorithms, artifacts, computer assisted, computer simulation, electroencephalography, electroencephalography methods, electrooculography, electrooculography methods, female, humans, male, regression analysis, signal processing, young adult}
}

@article{Romero2008,
    title = {{A comparative study of automatic techniques for ocular artifact reduction in spontaneous EEG signals based on clinical target variables: a simulation case.}},
    year = {2008},
    journal = {Computers in biology and medicine},
    author = {Romero, Sergio and Ma{\~{n}}anas, Miguel a and Barbanoj, Manel J},
    number = {3},
    month = {3},
    pages = {348--60},
    volume = {38},
    url = {http://www.ncbi.nlm.nih.gov/pubmed/18222418},
    doi = {10.1016/j.compbiomed.2007.12.001},
    issn = {0010-4825},
    pmid = {18222418},
    keywords = {Adult, Algorithms, Artifacts, Brain, Brain: physiology, Computer Simulation, Computer-Assisted, Electroencephalography, Electroencephalography: methods, Electrooculography, Electrophysiology, Eye Movements, Eye Movements: physiology, Female, Humans, Male, Principal Component Analysis, Regression Analysis, Reproducibility of Results, Signal Processing, Computer-Assisted}
}

@article{James2005,
    title = {{Independent component analysis for biomedical signals}},
    year = {2005},
    journal = {Physiological Measurement},
    author = {James, Christopher J. and Hesse, Christian W.},
    number = {1},
    pages = {15--39},
    volume = {26},
    isbn = {0967-3334},
    doi = {10.1088/0967-3334/26/1/R02},
    issn = {0967-3334},
    pmid = {15742873},
    keywords = {article are in colour, biomedical signal and pattern, blind source separation, bss, ica, independent component analysis, only in the electronic, processing, some figures in this, version}
}

@article{Hyvarinen2000,
    title = {{Independent component analysis: algorithms and applications.}},
    year = {2000},
    journal = {Neural networks : the official journal of the International Neural Network Society},
    author = {Hyv{\"{a}}rinen, A and Oja, E},
    number = {4-5},
    pages = {411--30},
    volume = {13},
    url = {http://www.ncbi.nlm.nih.gov/pubmed/10946390},
    isbn = {3589451327},
    doi = {10.1016/S0893-6080(00)00026-5},
    issn = {0893-6080},
    pmid = {10946390},
    keywords = {Algorithms, Artifacts, Brain, Brain: physiology, Humans, Magnetoencephalography, Neural Networks (Computer), Normal Distribution}
}

@article{Cichocki2005,
    title = {{EEG filtering based on blind source separation (BSS) for early detection of Alzheimer's disease}},
    year = {2005},
    journal = {Clinical Neurophysiology},
    author = {Cichocki, Andrzej and Shishkin, Sergei L. and Musha, Toshimitsu and Leonowicz, Zbigniew and Asada, Takashi and Kurachi, Takayoshi},
    number = {3},
    pages = {729--737},
    volume = {116},
    isbn = {1388-2457},
    doi = {10.1016/j.clinph.2004.09.017},
    issn = {13882457},
    pmid = {15721088},
    keywords = {AMUSE, Alzheimer's disease, Blind Source Separation, Diagnosis, EEG, Filtering}
}

@article{Bell1995,
    title = {{An information-maximization approach to blind separation and blind deconvolution}},
    year = {1995},
    journal = {Neural Computation},
    author = {Bell, Anthony J. and Sejnowski, Terrence J.},
    number = {6},
    pages = {1129--1159},
    volume = {7},
    isbn = {0899-7667 (Print) 0899-7667 (Linking)},
    doi = {10.1162/neco.1995.7.6.1129},
    issn = {0899-7667},
    pmid = {7584893},
    arxivId = {arXiv:1511.06440v1}
}

@article{Lee1999,
    title = {{Independent component analysis using an extended infomax algorithm for mixed subgaussian and supergaussian sources.}},
    year = {1999},
    journal = {Neural computation},
    author = {Lee, T W and Girolami, M and Sejnowski, T J},
    pages = {417--441},
    volume = {11},
    isbn = {0899-7667 (Print){\textbackslash}r0899-7667 (Linking)},
    doi = {10.1162/089976699300016719},
    issn = {0899-7667},
    pmid = {9950738},
    arxivId = {arXiv:1011.1669v3}
}

@article{Hyvarinen1997,
    title = {{A Fast Fixed-Point Algorithm for Independent Component Analysis 1 Introduction}},
    year = {1997},
    journal = {Most},
    author = {Hyv{\"{a}}rinen, Aapo and Oja, Erkki},
    number = {7},
    pages = {1--10},
    volume = {9},
    publisher = {MIT Press},
    url = {http://www.mitpressjournals.org/doi/abs/10.1162/neco.1997.9.7.1483},
    isbn = {0769526128},
    doi = {10.1016/j.neucom.2003.09.002},
    issn = {09252312}
}

@article{Hyvarinen2001,
    title = {{Independent Component Analysis}},
    year = {2001},
    journal = {Independent Component Analysis},
    author = {Hyv{\"{a}}rinen, Aapo and Karhunen, Juha and Oja, Erkki},
    pages = {1--8},
    isbn = {047140540X},
    doi = {10.1002/0471221317},
    issn = {10635203},
    keywords = {Independent Component Analysis}
}

@article{Aydin2015,
    title = {{Combined EEG/MEG Can Outperform Single Modality EEG or MEG Source Reconstruction in Presurgical Epilepsy Diagnosis}},
    year = {2015},
    journal = {PLOS ONE},
    author = {Aydin, Umit and Vorwerk, Johannes and D{\"{u}}mpelmann, Matthias and K{\"{u}}pper, Philipp and Kugel, Harald and Heers, Marcel and Wellmer, Jörg and Kellinghaus, Christoph and Haueisen, Jens and Rampp, Stefan and Stefan, Hermann and Wolters, Carsten H},
    editor = {Marinazzo, Daniele},
    number = {3},
    month = {3},
    pages = {e0118753},
    volume = {10},
    publisher = {Public Library of Science},
    url = {http://www.ncbi.nlm.nih.gov/pubmed/25761059 http://www.pubmedcentral.nih.gov/articlerender.fcgi?artid=PMC4356563 http://dx.plos.org/10.1371/journal.pone.0118753},
    doi = {10.1371/journal.pone.0118753},
    issn = {1932-6203},
    pmid = {25761059}
}

@inproceedings{Xu1999,
    title = {{Reconstruction of the human cerebral cortex from magnetic resonance images}},
    year = {1999},
    booktitle = {IEEE Trans Med Imaging},
    author = {Xu, C and Pham, D L and Rettmann, M E and Yu, D N and Prince, J L},
    number = {6},
    pages = {467--80},
    volume = {18},
    isbn = {0278-0062 (Print)},
    doi = {10.1109/42.781013},
    pmid = {10463126},
    keywords = {*Algorithms, *Image Processing, Cerebral Cortex/*anatomy {\&} histology, Computer-Assisted, Human, Magnetic Resonance Imaging/*methods, Non-P.H.S., P.H.S., Support, U.S. Gov't}
}

@article{Belliveau1991,
    title = {{Functional mapping of the human visual cortex by magnetic resonance imaging.}},
    year = {1991},
    journal = {Science (New York, N.Y.)},
    author = {Belliveau, J W and Kennedy, D N and McKinstry, R C and Buchbinder, B R and Weisskoff, R M and Cohen, M S and Vevea, J M and Brady, T J and Rosen, B R},
    number = {5032},
    month = {11},
    pages = {716--9},
    volume = {254},
    url = {http://www.ncbi.nlm.nih.gov/pubmed/1948051},
    issn = {0036-8075},
    pmid = {1948051}
}

@article{Hall2014,
    title = {{The relationship between MEG and fMRI}},
    year = {2014},
    journal = {NeuroImage},
    author = {Hall, Emma L. and Robson, Siân E. and Morris, Peter G. and Brookes, Matthew J.},
    month = {11},
    pages = {80--91},
    volume = {102},
    url = {http://www.ncbi.nlm.nih.gov/pubmed/24239589 http://linkinghub.elsevier.com/retrieve/pii/S1053811913010975},
    doi = {10.1016/j.neuroimage.2013.11.005},
    issn = {10538119},
    pmid = {24239589},
    keywords = {BOLD, MEG, Neural oscillations, Resting state, fMRI}
}

@article{Tewarie2016,
    title = {{Predicting haemodynamic networks using electrophysiology: The role of non-linear and cross-frequency interactions}},
    year = {2016},
    journal = {NeuroImage},
    author = {Tewarie, P. and Bright, M.G. and Hillebrand, A. and Robson, S.E. and Gascoyne, L.E. and Morris, P.G. and Meier, J. and Van Mieghem, P. and Brookes, M.J.},
    month = {4},
    pages = {273--292},
    volume = {130},
    url = {http://www.ncbi.nlm.nih.gov/pubmed/26827811 http://www.pubmedcentral.nih.gov/articlerender.fcgi?artid=PMC4819720 http://linkinghub.elsevier.com/retrieve/pii/S1053811916000689},
    doi = {10.1016/j.neuroimage.2016.01.053},
    issn = {10538119},
    pmid = {26827811},
    keywords = {Functional connectivity, Functional magnetic resonance imaging, MEG, Magnetoencephalography, Mapping, Multivariate Taylor series, RSN, Relationship between fMRI and MEG, Resting state network, fMRI}
}

@article{Garces2016,
    title = {{Multimodal description of whole brain connectivity: A comparison of resting state MEG, fMRI, and DWI}},
    year = {2016},
    journal = {Human Brain Mapping},
    author = {Garc{\'{e}}s, Pilar and Pereda, Ernesto and Hern{\'{a}}ndez-Tamames, Juan A. and Del-Pozo, Francisco and Maest{\'{u}}, Fernando and {\'{A}}ngel Pineda-Pardo, José},
    number = {1},
    month = {1},
    pages = {20--34},
    volume = {37},
    url = {http://www.ncbi.nlm.nih.gov/pubmed/26503502 http://www.pubmedcentral.nih.gov/articlerender.fcgi?artid=PMC5132061 http://doi.wiley.com/10.1002/hbm.22995},
    doi = {10.1002/hbm.22995},
    issn = {10659471},
    pmid = {26503502},
    keywords = {DWI, MEG, fMRI, functional connectivity, structural connectivity}
}

@article{McWhinney2016,
    title = {{Asymmetric Weighting to Optimize Regional Sensitivity in Combined fMRI-MEG Maps}},
    year = {2016},
    journal = {Brain Topography},
    author = {McWhinney, Sean R. and Bardouille, Timothy and D’Arcy, Ryan C. N. and Newman, Aaron J.},
    number = {1},
    month = {1},
    pages = {1--12},
    volume = {29},
    url = {http://www.ncbi.nlm.nih.gov/pubmed/26492915 http://link.springer.com/10.1007/s10548-015-0457-z},
    doi = {10.1007/s10548-015-0457-z},
    issn = {0896-0267},
    pmid = {26492915}
}

@article{Cetin2016,
    title = {{Multimodal Classification of Schizophrenia Patients with MEG and fMRI Data Using Static and Dynamic Connectivity Measures}},
    year = {2016},
    journal = {Frontiers in Neuroscience},
    author = {Cetin, Mustafa S. and Houck, Jon M. and Rashid, Barnaly and Agacoglu, Oktay and Stephen, Julia M. and Sui, Jing and Canive, Jose and Mayer, Andy and Aine, Cheryl and Bustillo, Juan R. and Calhoun, Vince D.},
    month = {10},
    pages = {466},
    volume = {10},
    url = {http://www.ncbi.nlm.nih.gov/pubmed/27807403 http://www.pubmedcentral.nih.gov/articlerender.fcgi?artid=PMC5070283 http://journal.frontiersin.org/article/10.3389/fnins.2016.00466/full},
    doi = {10.3389/fnins.2016.00466},
    issn = {1662-453X},
    pmid = {27807403},
    keywords = {MEG, Schizophrenia, classification, connectivity, fMRI, static and dynamic functional connectivity}
}

@article{Grova2016,
    title = {{Intracranial EEG potentials estimated from MEG sources: A new approach to correlate MEG and iEEG data in epilepsy}},
    year = {2016},
    journal = {Human Brain Mapping},
    author = {Grova, Christophe and Aiguabella, Maria and Zelmann, Rina and Lina, Jean Marc and Hall, Jeffery A. and Kobayashi, Eliane},
    doi = {10.1002/hbm.23127},
    issn = {10970193},
    pmid = {26931511},
    keywords = {Epilepsy, Epilepsy surgery, Epileptic spikes, Intracranial EEG, Magnetic resonance imaging, Magnetic source imaging, Neurophysiology, Presurgical investigation, Source localization}
}

@article{Santiuste2008,
    title = {{Simultaneous magnetoencephalography and intracranial EEG registration: technical and clinical aspects.}},
    year = {2008},
    journal = {Journal of clinical neurophysiology : official publication of the American Electroencephalographic Society},
    author = {Santiuste, Marta and Nowak, Rafal and Russi, Antonio and Tarancon, Thais and Oliver, Bartolome and Ayats, Emilio and Scheler, Gabriela and Graetz, Galleon},
    number = {6},
    month = {12},
    pages = {331--9},
    volume = {25},
    url = {http://www.ncbi.nlm.nih.gov/pubmed/18997623},
    doi = {10.1097/WNP.0b013e31818e7913},
    issn = {1537-1603},
    pmid = {18997623},
    keywords = {Adolescent, Brain, Brain: physiopathology, Child, Electrodes, Implanted, Electroencephalography, Electroencephalography: methods, Epilepsy, Epilepsy: physiopathology, Female, Humans, Implanted, Magnetoencephalography, Magnetoencephalography: methods, Male, Sensitivity and Specificity}
}

@article{Tong1991,
    title = {{Indeterminacy and identifiability of blind identification}},
    year = {1991},
    journal = {IEEE Transactions on Circuits and Systems},
    author = {Tong, L and Liu, R W and Soon, V C and Huang, Y F},
    number = {5},
    pages = {499--509},
    volume = {38},
    publisher = {IEEE},
    url = {http://ieeexplore.ieee.org/lpdocs/epic03/wrapper.htm?arnumber=76486},
    doi = {10.1109/31.76486},
    issn = {00984094}
}

@article{Crepon2010,
    title = {{Mapping interictal oscillations greater than 200 Hz recorded with intracranial macroelectrodes in human epilepsy}},
    year = {2010},
    journal = {Brain},
    author = {Crepon, B. and Navarro, Vincent and Hasboun, Dominique and Clemenceau, Stéphane and Martinerie, Jacques and Baulac, Michel and Adam, Claude and Le Van Quyen, Michel},
    number = {1},
    month = {1},
    pages = {33--45},
    volume = {133},
    url = {http://www.ncbi.nlm.nih.gov/pubmed/19920064 https://academic.oup.com/brain/article-lookup/doi/10.1093/brain/awp277},
    doi = {10.1093/brain/awp277},
    issn = {0006-8950},
    pmid = {19920064}
}

@misc{Hillebrand2005,
    title = {{Beamformer Analysis of MEG Data}},
    year = {2005},
    booktitle = {International Review of Neurobiology},
    author = {Hillebrand, Arjan and Barnes, Gareth R.},
    pages = {149--171},
    volume = {68},
    url = {http://www.ncbi.nlm.nih.gov/pubmed/16443013 http://linkinghub.elsevier.com/retrieve/pii/S0074774205680063},
    doi = {10.1016/S0074-7742(05)68006-3},
    issn = {00747742},
    pmid = {16443013}
}

@article{Nissen2016b,
    title = {{Preoperative evaluation using magnetoencephalography: Experience in 382 epilepsy patients}},
    year = {2016},
    journal = {Epilepsy Research},
    author = {Nissen, I. A. and Stam, C. J. and Citroen, J. and Reijneveld, J. C. and Hillebrand, A.},
    volume = {124},
    isbn = {3120444472},
    doi = {10.1016/j.eplepsyres.2016.05.002},
    issn = {18726844},
    pmid = {27232766}
}

@article{Melani2013,
    title = {{Occurrence of scalp-fast oscillations among patients with different spiking rate and their role as epileptogenicity marker}},
    year = {2013},
    journal = {Epilepsy Research},
    author = {Melani, Federico and Zelmann, Rina and Dubeau, François and Gotman, Jean},
    number = {3},
    pages = {345--356},
    volume = {106},
    isbn = {6137377350},
    doi = {10.1016/j.eplepsyres.2013.06.003},
    issn = {09201211},
    pmid = {23932079},
    keywords = {Fast oscillations, IEDs, Irritative zone, Scalp EEG, Seizure onset zone}
}

@article{Strobbe2016,
    title = {{Electrical source imaging of interictal spikes using multiple sparse volumetric priors for presurgical epileptogenic focus localization}},
    year = {2016},
    journal = {NeuroImage: Clinical},
    author = {Strobbe, Gregor and Carrette, Evelien and L{\'{o}}pez, José David and Montes Restrepo, Victoria and Van Roost, Dirk and Meurs, Alfred and Vonck, Kristl and Boon, Paul and Vandenberghe, Stefaan and Van Mierlo, Pieter},
    pages = {252--263},
    volume = {11},
    doi = {10.1016/j.nicl.2016.01.017},
    issn = {22131582},
    pmid = {26958464},
    keywords = {Bayesian model selection, ECD, EEG, Interictal spikes, LORETA, Source priors, Volumetric priors}
}

@article{Song2015,
    title = {{Distributions of irritative zones are related to individual alterations of resting-state networks in focal epilepsy}},
    year = {2015},
    journal = {PLoS ONE},
    author = {Song, Yinchen and Sanganahalli, Basavaraju G. and Hyder, Fahmeed and Lin, Wei Chiang and Riera, Jorge J.},
    number = {7},
    volume = {10},
    doi = {10.1371/journal.pone.0134352},
    issn = {19326203},
    pmid = {26226628}
}

@article{Migliorelli2015,
    title = {{Automatic BSS-based filtering of metallic interference in MEG recordings: definition and validation using simulated signals.}},
    year = {2015},
    journal = {Journal of neural engineering},
    author = {Migliorelli, Carolina and Alonso, Joan F and Romero, Sergio and Ma{\~{n}}anas, Miguel A and Nowak, Rafał and Russi, Antonio},
    number = {4},
    month = {5},
    pages = {046001},
    volume = {12},
    url = {http://stacks.iop.org/1741-2552/12/i=4/a=046001},
    doi = {10.1088/1741-2560/12/4/046001},
    issn = {1741-2552},
    pmid = {26015414}
}

@article{Oostenveld2011,
    title = {{FieldTrip: Open source software for advanced analysis of MEG, EEG, and invasive electrophysiological data.}},
    year = {2011},
    journal = {Computational intelligence and neuroscience},
    author = {Oostenveld, Robert and Fries, Pascal and Maris, Eric and Schoffelen, Jan-Mathijs},
    month = {1},
    pages = {156869},
    volume = {2011},
    url = {http://www.pubmedcentral.nih.gov/articlerender.fcgi?artid=3021840&tool=pmcentrez&rendertype=abstract},
    doi = {10.1155/2011/156869},
    issn = {1687-5273},
    pmid = {21253357},
    keywords = {Computer-Assisted, Electroencephalography, Electrophysiological Phenomena, Electrophysiological Phenomena: physiology, Humans, Magnetoencephalography, Numerical Analysis, Software, Software: trends, User-Computer Interface}
}

@article{Migliorelli2016,
    title = {{Influence of metallic artifact filtering on MEG signals for source localization during interictal epileptiform activity}},
    year = {2016},
    journal = {Journal of Neural Engineering},
    author = {Migliorelli, Carolina and Alonso, Joan F and Romero, Sergio and Ma{\~{n}}anas, Miguel A and Nowak, Rafał and Russi, Antonio},
    number = {2},
    pages = {026029},
    volume = {13},
    url = {http://stacks.iop.org/1741-2552/13/i=2/a=026029?key=crossref.768a861f9a37e2e6d761cf9280cbdebe},
    doi = {10.1088/1741-2560/13/2/026029},
    issn = {1741-2560}
}

@article{Stockwell1996,
    title = {{Localization of the complex spectrum: the S transform}},
    year = {1996},
    journal = {IEEE Transactions on Signal Processing},
    author = {Stockwell, R.G. and Mansinha, L. and Lowe, R.P.},
    number = {4},
    month = {4},
    pages = {998--1001},
    volume = {44},
    publisher = {IEEE},
    url = {http://ieeexplore.ieee.org/lpdocs/epic03/wrapper.htm?arnumber=492555},
    doi = {10.1109/78.492555},
    issn = {1053587X},
    keywords = {Continuous wavelet transforms, Data analysis, Earthquakes, Fourier spectrum, Fourier transforms, Frequency, Gaussian processes, S transform, Seismology, Signal detection, Signal processing, Signal resolution, Wavelet transforms, complex spectrum, continuous wavelet transform, frequency-dependent resolution, modulating sinusoids, moving scalable localizing Gaussian window, signal resolution, spectral analysis, time axis, wavelet transforms}
}

@book{Cichocki2003,
    title = {{Adaptive Blind Signal and Image Processing: Learning Algorithms and Applications}},
    year = {2003},
    booktitle = {Book},
    author = {Cichocki, Andrzej and Amari, Shun-ichi},
    pages = {586},
    keywords = {Technology {\{}{\&}{\}} Engineering}
}

@article{Hyvarinen1999,
    title = {{Fast and robust fixed-point algorithms for independent component analysis.}},
    year = {1999},
    journal = {IEEE transactions on neural networks / a publication of the IEEE Neural Networks Council},
    author = {Hyv{\"{a}}rinen, A},
    number = {3},
    month = {1},
    pages = {626--34},
    volume = {10},
    publisher = {IEEE},
    url = {http://ieeexplore.ieee.org/articleDetails.jsp?arnumber=761722},
    doi = {10.1109/72.761722},
    issn = {1045-9227},
    pmid = {18252563},
    keywords = {Blind source separation, Comon information theory, Data mining, Entropy, Feature extraction, Independent component analysis, Information theory, Mutual information, Robustness, Signal processing algorithms, Vectors, contrast functions, convergence, convergence of numerical methods, fixed point arithmetic, fixed-point algorithms, function approximation, independent component analysis, mathematics computing, maximum entropy approximations, maximum entropy methods, optimisation, optimization, projection pursuit, statistical analysis},
    language = {English}
}

@article{GonzalezMoreno2014,
    title = {{Signal-to-noise ratio of the MEG signal after preprocessing.}},
    year = {2014},
    journal = {Journal of neuroscience methods},
    author = {Gonzalez-Moreno, Alicia and Aurtenetxe, Sara and Lopez-Garcia, Maria-Eugenia and del Pozo, Francisco and Maestu, Fernando and Nevado, Angel},
    month = {1},
    pages = {56--61},
    volume = {222},
    publisher = {Elsevier B.V.},
    url = {http://www.ncbi.nlm.nih.gov/pubmed/24200506},
    doi = {10.1016/j.jneumeth.2013.10.019},
    issn = {1872-678X},
    pmid = {24200506},
    keywords = {magnetoencefalography, meg}
}

@article{Song2009,
    title = {{Signal Space Separation Algorithm and Its Application on Suppressing Artifacts Caused by Vagus Nerve Stimulation for Magnetoencephalography Recordings}},
    year = {2009},
    journal = {Journal of Clinical Neurophysiology},
    author = {Song, Tao and Cui, Li and Gaa, Kathleen and Feffer, Lori and Taulu, Samu and Lee, Roland R. and Huang, Mingxiong},
    number = {6},
    month = {12},
    pages = {392--400},
    volume = {26},
    url = {http://www.ncbi.nlm.nih.gov/pubmed/19952563},
    doi = {10.1097/WNP.0b013e3181c29896},
    issn = {0736-0258},
    pmid = {19952563},
    keywords = {Acoustic Stimulation, Acoustic Stimulation: methods, Adolescent, Adult, Algorithms, Artifacts, Auditory, Auditory: physiology, Brain Mapping, Computer-Assisted, Electroencephalography, Epilepsy, Epilepsy: physiopathology, Epilepsy: therapy, Evoked Potentials, Female, Humans, Magnetoencephalography, Magnetoencephalography: methods, Male, Middle Aged, Models, Neurological, Signal Processing, Vagus Nerve Stimulation, Vagus Nerve Stimulation: adverse effects, Vagus Nerve Stimulation: methods}
}

@article{Bragin2002,
    title = {{Local Generation of Fast Ripples in Epileptic Brain}},
    year = {2002},
    journal = {Journal of Neuroscience},
    author = {Bragin, Anatol and Mody, Istvan and Wilson, Charles L. and Engel, Jerome},
    number = {5},
    volume = {22}
}

@article{Chrobak1996,
    title = {{High-Frequency Oscillations in the Output Networks of the Hippocampal–Entorhinal Axis of the Freely Behaving Rat}},
    year = {1996},
    journal = {Journal of Neuroscience},
    author = {Chrobak, James J. and Buzs{\'{a}}ki, Gyorgy},
    number = {9},
    volume = {16}
}

@incollection{Migliorelli2017b,
    title = {{Visual Detection of High Frequency Oscillations in MEG}},
    year = {2017},
    author = {Migliorelli, Carolina and Alonso, Joan F. and Romero, Sergio and Ma{\~{n}}anas, Miguel A. and Nowak, Rafal and Russi, Antonio},
    pages = {769--773},
    publisher = {Springer, Cham},
    url = {http://link.springer.com/10.1007/978-3-319-46669-9_126},
    doi = {10.1007/978-3-319-46669-9{\_}126}
}

@inproceedings{Migliorelli2013,
    title = {{Reduction of metallic interference in MEG signals using AMUSE}},
    year = {2013},
    booktitle = {Proceedings of the Annual International Conference of the IEEE Engineering in Medicine and Biology Society, EMBS},
    author = {Migliorelli, C. and Romero, S. and Alonso, J.F. and Nowak, R. and Russi, A. and Mananas, M.A.},
    isbn = {9781457702167},
    doi = {10.1109/EMBC.2013.6610912},
    issn = {1557170X},
    keywords = {BSS, ICA, MEG, Metallic Artifacts], [AMUSE, BSS, ICA, MEG, Metallic Artifacts]}
}

@article{Peterchev2012,
    title = {{Fundamentals of transcranial electric and magnetic stimulation dose: Definition, selection, and reporting practices}},
    year = {2012},
    journal = {Brain Stimulation},
    author = {Peterchev, Angel V. and Wagner, Timothy A. and Miranda, Pedro C. and Nitsche, Michael A. and Paulus, Walter and Lisanby, Sarah H. and Pascual-Leone, Alvaro and Bikson, Marom},
    number = {4},
    month = {10},
    pages = {435--453},
    volume = {5},
    url = {http://linkinghub.elsevier.com/retrieve/pii/S1935861X11001495},
    isbn = {1935-861X (Print)},
    doi = {10.1016/j.brs.2011.10.001},
    issn = {1935861X},
    pmid = {22305345},
    keywords = {dose, electric, magnetic, stimulation, transcranial}
}

@article{Oswal2016,
    title = {{Analysis of simultaneous MEG and intracranial LFP recordings during Deep Brain Stimulation: a protocol and experimental validation.}},
    year = {2016},
    journal = {Journal of neuroscience methods},
    author = {Oswal, Ashwini and Jha, Ashwani and Neal, Spencer and Reid, Alphonso and Bradbury, David and Aston, Peter and Limousin, Patricia and Foltynie, Tom and Zrinzo, Ludvic and Brown, Peter and Litvak, Vladimir},
    month = {3},
    pages = {29--46},
    volume = {261},
    publisher = {Elsevier},
    url = {http://www.ncbi.nlm.nih.gov/pubmed/26698227 http://www.pubmedcentral.nih.gov/articlerender.fcgi?artid=PMC4758829},
    doi = {10.1016/j.jneumeth.2015.11.029},
    issn = {1872-678X},
    pmid = {26698227},
    keywords = {Deep Brain Stimulation (DBS), Local Field Potential (LFP), Magnetoencephalography (MEG), Parkinson's disease}
}

@article{Haumann2016,
    title = {{Comparing the Performance of Popular MEG/EEG Artifact Correction Methods in an Evoked-Response Study.}},
    year = {2016},
    journal = {Computational intelligence and neuroscience},
    author = {Haumann, Niels Trusbak and Parkkonen, Lauri and Kliuchko, Marina and Vuust, Peter and Brattico, Elvira},
    pages = {7489108},
    volume = {2016},
    publisher = {Hindawi Publishing Corporation},
    url = {http://www.ncbi.nlm.nih.gov/pubmed/27524998 http://www.pubmedcentral.nih.gov/articlerender.fcgi?artid=PMC4972935},
    doi = {10.1155/2016/7489108},
    issn = {1687-5273},
    pmid = {27524998}
}

@article{Staba2011,
    title = {{High-frequency oscillations and other electrophysiological biomarkers of epilepsy: underlying mechanisms}},
    year = {2011},
    journal = {Biomarkers in Medicine},
    author = {Staba, Richard J and Bragin, Anatol},
    number = {5},
    month = {10},
    pages = {545--556},
    volume = {5},
    url = {http://www.ncbi.nlm.nih.gov/pubmed/22003903 http://www.pubmedcentral.nih.gov/articlerender.fcgi?artid=PMC3233380 http://www.futuremedicine.com/doi/10.2217/bmm.11.72},
    doi = {10.2217/bmm.11.72},
    issn = {1752-0363},
    pmid = {22003903}
}

@article{Zijlmans2012,
    title = {{High-frequency oscillations as a new biomarker in epilepsy.}},
    year = {2012},
    journal = {Annals of neurology},
    author = {Zijlmans, Maeike and Jiruska, Premysl and Zelmann, Rina and Leijten, Frans S S and Jefferys, John G R and Gotman, Jean},
    number = {2},
    month = {2},
    pages = {169--78},
    volume = {71},
    url = {http://www.pubmedcentral.nih.gov/articlerender.fcgi?artid=3754947&tool=pmcentrez&rendertype=abstract},
    doi = {10.1002/ana.22548},
    issn = {1531-8249},
    pmid = {22367988},
    keywords = {Cerebral Cortex, Cerebral Cortex: pathology, Cerebral Cortex: physiopathology, Cerebral Cortex: surgery, Computer-Assisted, Electroencephalography, Electroencephalography: methods, Epilepsy, Epilepsy: diagnosis, Epilepsy: physiopathology, Epilepsy: surgery, Humans, Neurons, Neurons: metabolism, Neurons: pathology, Signal Processing}
}

@article{vanKlink2014,
    title = {{High frequency oscillations in intra-operative electrocorticography before and after epilepsy surgery}},
    year = {2014},
    journal = {Clinical Neurophysiology},
    author = {Van Klink, N. E C and Van't Klooster, M. A. and Zelmann, R. and Leijten, F. S S and Ferrier, C. H. and Braun, K. P J and Van Rijen, P. C. and Van Putten, M. J A M and Huiskamp, G. J M and Zijlmans, M.},
    number = {11},
    pages = {2212--2219},
    volume = {125},
    isbn = {1388-2457; 1872-8952},
    doi = {10.1016/j.clinph.2014.03.004},
    issn = {18728952},
    pmid = {24704141},
    keywords = {Electrocorticography, Epilepsy surgery, Focal epilepsy, High frequency oscillations}
}

@article{Boto2017,
    title = {{A New Generation of Magnetoencephalography: Room Temperature Measurements using Optically-Pumped Magnetometers}},
    year = {2016},
    journal = {NeuroImage},
    author = {Boto, Elena and Meyer, Sofie and Shah, Vishal and Alem, Orang and Knappe, Svenja and Kruger, Peter and Fromhold, Mark and Lim, Mark and Morris, Peter G. and Bowtell, Richard and Barnes, Gareth Robert and Brookes, Matthew J.},
    month = {4},
    pages = {404--414},
    volume = {1},
    url = {http://www.ncbi.nlm.nih.gov/pubmed/28131890 http://linkinghub.elsevier.com/retrieve/pii/S1053811917300411},
    isbn = {9788578110796},
    doi = {10.1016/j.neuroimage.2017.01.034},
    issn = {1098-6596},
    pmid = {28131890},
    keywords = {icle}
}

@article{Migliorelli2017,
    title = {{Automated detection of epileptic ripples in MEG using beamformer-based virtual sensors}},
    year = {2017},
    journal = {Journal of Neural Engineering},
    author = {Migliorelli, Carolina and Alonso, Joan F and Romero, Sergio and Nowak, Rafal and Russi, Antonio and Mananas, Miguel},
    month = {3},
    url = {http://www.ncbi.nlm.nih.gov/pubmed/28327467 http://iopscience.iop.org/article/10.1088/1741-2552/aa684c http://www.ncbi.nlm.nih.gov/pubmed/28327467%0Ahttp://iopscience.iop.org/article/10.1088/1741-2552/aa684c},
    doi = {10.1088/1741-2552/aa684c},
    issn = {1741-2560},
    pmid = {28327467},
    keywords = {MEG, beamformer, epilepsy, high frequency oscillations, ripples}
}

@article{Sakkalis2011,
    title = {{Review of advanced techniques for the estimation of brain connectivity measured with EEG/MEG.}},
    year = {2011},
    journal = {Computers in biology and medicine},
    author = {Sakkalis, V},
    number = {12},
    month = {12},
    pages = {1110--7},
    volume = {41},
    url = {http://www.sciencedirect.com/science/article/pii/S0010482511001405},
    doi = {10.1016/j.compbiomed.2011.06.020},
    issn = {1879-0534},
    pmid = {21794851},
    keywords = {Brain, Brain Mapping, Brain Mapping: methods, Brain: physiology, Electroencephalography, Electroencephalography: methods, Humans, Magnetoencephalography, Magnetoencephalography: methods}
}

@article{Stufflebeam2009,
    title = {{Clinical applications of magnetoencephalography}},
    year = {2009},
    journal = {Human Brain Mapping},
    author = {Stufflebeam, Steven M. and Tanaka, Naoaki and Ahlfors, Seppo P.},
    number = {6},
    month = {6},
    pages = {1813--1823},
    volume = {30},
    publisher = {Wiley Subscription Services, Inc., A Wiley Company},
    url = {http://doi.wiley.com/10.1002/hbm.20792},
    doi = {10.1002/hbm.20792},
    issn = {10659471},
    keywords = {EEG, MEG, brain tumors, eloquent cortex, epilepsy, ictal, imaging, interictal, motor, presurgical mapping}
}

@article{Stefan2011,
    title = {{Magnetoencephalography adds to the surgical evaluation process.}},
    year = {2011},
    journal = {Epilepsy {\&} behavior : E{\&}B},
    author = {Stefan, H and Rampp, S and Knowlton, R C and Al., Et and Binns, D.S. and Hicks, R.J.},
    number = {2},
    month = {2},
    pages = {172--7},
    volume = {20},
    publisher = {Elsevier},
    url = {http://www.ncbi.nlm.nih.gov/pubmed/20934391},
    doi = {10.1016/j.yebeh.2010.09.011},
    issn = {1525-5069},
    pmid = {20934391},
    keywords = {Epilepsy, Epilepsy surgery, Focus localization, Functional mapping, Magnetoencephalography, Presurgical evaluation}
}

@article{Barkley2004,
    title = {{Controversies in neurophysiology. MEG is superior to EEG in localization of interictal epileptiform activity: Pro}},
    year = {2004},
    journal = {Clinical Neurophysiology},
    author = {Barkley, Gregory L},
    number = {5},
    month = {5},
    pages = {1001--1009},
    volume = {115},
    url = {http://www.ncbi.nlm.nih.gov/pubmed/15066523 http://linkinghub.elsevier.com/retrieve/pii/S1388245703004814},
    doi = {10.1016/j.clinph.2003.12.011},
    issn = {13882457},
    pmid = {15066523}
}

@article{Medvedovsky2009,
    title = {{Fine tuning the correlation limit of spatio-temporal signal space separation for magnetoencephalography}},
    year = {2009},
    journal = {Journal of Neuroscience Methods},
    author = {Medvedovsky, Mordekhay and Taulu, Samu and Bikmullina, Rozaliya and Ahonen, Antti and Paetau, Ritva},
    number = {1},
    pages = {203--211},
    volume = {177},
    url = {http://www.sciencedirect.com/science/article/pii/S0165027008005700},
    doi = {10.1016/j.jneumeth.2008.09.035},
    issn = {01650270}
}

@article{Escudero2007,
    title = {{Artifact Removal in Magnetoencephalogram Background Activity With Independent Component Analysis}},
    year = {2007},
    journal = {IEEE Transactions on Biomedical Engineering},
    author = {Escudero, Javier and Hornero, Roberto and Abasolo, Daniel and Fernandez, Alberto and Lopez-Coronado, Miguel},
    number = {11},
    month = {11},
    pages = {1965--1973},
    volume = {54},
    url = {http://ieeexplore.ieee.org/document/4352057/},
    doi = {10.1109/TBME.2007.894968},
    issn = {0018-9294}
}

@article{Viera2005,
    title = {{Understanding interobserver agreement: the kappa statistic.}},
    year = {2005},
    journal = {Family medicine},
    author = {Viera, Anthony J and Garrett, Joanne M},
    number = {5},
    month = {5},
    pages = {360--3},
    volume = {37},
    url = {http://www.ncbi.nlm.nih.gov/pubmed/15883903},
    issn = {0742-3225},
    pmid = {15883903},
    keywords = {Family Practice, Health Services Research, Health Services Research: statistics {\&} numerical d, Models, Statistical, Observer Variation, Statistical, United States}
}

@article{Escudero2010,
    title = {{Consistency of the blind source separation computed with five common algorithms for magnetoencephalogram background activity.}},
    year = {2010},
    journal = {Medical engineering {\&} physics},
    author = {Escudero, Javier and Hornero, Roberto and Ab{\'{a}}solo, Daniel and Cichocki, A. and Takeda, T.},
    number = {10},
    month = {12},
    pages = {1137--44},
    volume = {32},
    publisher = {John Wiley {\&} Sons, NJ, USA},
    url = {http://www.ncbi.nlm.nih.gov/pubmed/20833095},
    doi = {10.1016/j.medengphy.2010.08.005},
    issn = {1873-4030},
    pmid = {20833095},
    keywords = {Algorithm comparison, Blind Source Separation (BSS), Consistency, Independent Component Analysis (ICA), Magnetoencephalogram (MEG)}
}

@article{Delorme2004,
    title = {{EEGLAB: an open source toolbox for analysis of single-trial EEG dynamics including independent component analysis}},
    year = {2004},
    journal = {Journal of Neuroscience Methods},
    author = {Delorme, Arnaud and Makeig, Scott},
    number = {1},
    pages = {9--21},
    volume = {134},
    url = {http://www.sciencedirect.com/science/article/pii/S0165027003003479},
    doi = {10.1016/j.jneumeth.2003.10.009},
    issn = {01650270}
}

@article{Richman2000,
    title = {{Physiological time-series analysis using approximate entropy and sample entropy.}},
    year = {2000},
    journal = {American journal of physiology. Heart and circulatory physiology},
    author = {Richman, J S and Moorman, J R},
    number = {6},
    month = {6},
    pages = {2039--49},
    volume = {278},
    url = {http://www.ncbi.nlm.nih.gov/pubmed/10843903},
    issn = {0363-6135},
    pmid = {10843903},
    keywords = {Biological, Entropy, Humans, Models, Biological, Nonlinear Dynamics, Physiology, Physiology: methods, Time Factors}
}

@article{Nenonen2012,
    title = {{Validation of head movement correction and spatiotemporal signal space separation in magnetoencephalography.}},
    year = {2012},
    journal = {Clinical neurophysiology : official journal of the International Federation of Clinical Neurophysiology},
    author = {Nenonen, Jukka and Nurminen, Jussi and Ki{\v{c}}i{\'{c}}, Dubravko and Bikmullina, Rozaliya and Lioumis, Pantelis and Jousm{\"{a}}ki, Veikko and Taulu, Samu and Parkkonen, Lauri and Putaala, Miikka and K{\"{a}}hk{\"{o}}nen, Seppo},
    number = {11},
    month = {11},
    pages = {2180--91},
    volume = {123},
    publisher = {Oxford Univ Press},
    url = {http://www.ncbi.nlm.nih.gov/pubmed/22633918},
    doi = {10.1016/j.clinph.2012.03.080},
    issn = {1872-8952},
    pmid = {22633918},
    keywords = {Head movement compensation, Magnetoencephalography, Spatiotemporal signal space separation}
}

@article{Taulu2009,
    title = {{Removal of magnetoencephalographic artifacts with temporal signal-space separation: Demonstration with single-trial auditory-evoked responses}},
    year = {2009},
    journal = {Human Brain Mapping},
    author = {Taulu, Samu and Hari, Riitta},
    number = {5},
    month = {5},
    pages = {1524--1534},
    volume = {30},
    publisher = {Wiley Subscription Services, Inc., A Wiley Company},
    url = {http://doi.wiley.com/10.1002/hbm.20627},
    doi = {10.1002/hbm.20627},
    issn = {10659471},
    keywords = {artifact, auditory, brain, cortex, magnetoencephalography, single response}
}

@article{Li2007,
    title = {{Estimating the number of independent components for functional magnetic resonance imaging data}},
    year = {2007},
    journal = {Human Brain Mapping},
    author = {Li, Yi-Ou and Adalı, Tülay and Calhoun, Vince D.},
    number = {11},
    month = {11},
    pages = {1251--1266},
    volume = {28},
    publisher = {Wiley Subscription Services, Inc., A Wiley Company},
    url = {http://doi.wiley.com/10.1002/hbm.20359},
    doi = {10.1002/hbm.20359},
    issn = {10659471},
    keywords = {ICA, entropy rate, fMRI, order selection, sample dependence, subsampling}
}

@article{Schuele2008,
    title = {{Intractable epilepsy: management and therapeutic alternatives.}},
    year = {2008},
    journal = {The Lancet. Neurology},
    author = {Schuele, Stephan U and L{\"{u}}ders, Hans O},
    number = {6},
    month = {6},
    pages = {514--24},
    volume = {7},
    publisher = {Elsevier},
    url = {http://www.thelancet.com/article/S147444220870108X/fulltext},
    doi = {10.1016/S1474-4422(08)70108-X},
    issn = {1474-4422},
    pmid = {18485315},
    keywords = {Anticonvulsants, Anticonvulsants: therapeutic use, Brain, Brain: drug effects, Brain: physiopathology, Brain: surgery, Chronic Disease, Chronic Disease: therapy, Comorbidity, Electric Stimulation Therapy, Electric Stimulation Therapy: statistics {\&} numeric, Electric Stimulation Therapy: trends, Electroencephalography, Electroencephalography: standards, Epilepsy, Epilepsy: diagnosis, Epilepsy: drug therapy, Epilepsy: surgery, Humans, Neurosurgical Procedures, Neurosurgical Procedures: methods, Neurosurgical Procedures: statistics {\&} numerical d, Quality of Life, Risk Assessment, Treatment Outcome},
    language = {English}
}

@article{Panzica2013,
    title = {{Identification of the Epileptogenic Zone from Stereo-EEG Signals: A Connectivity-Graph Theory Approach}},
    year = {2013},
    journal = {Frontiers in Neurology},
    author = {Panzica, Ferruccio and Varotto, Giulia and Rotondi, Fabio and Spreafico, Roberto and Franceschetti, Silvana},
    month = {1},
    pages = {175},
    volume = {4},
    url = {http://www.pubmedcentral.nih.gov/articlerender.fcgi?artid=3818576&tool=pmcentrez&rendertype=abstract},
    doi = {10.3389/fneur.2013.00175},
    issn = {1664-2295},
    pmid = {24223569}
}

@article{Bouet2012,
    title = {{Towards source volume estimation of interictal spikes in focal epilepsy using magnetoencephalography}},
    year = {2012},
    journal = {NeuroImage},
    author = {Bouet, Romain and Jung, Julien and Delpuech, Claude and Ryvlin, Philippe and Isnard, Jean and Guenot, Marc and Bertrand, Olivier and Maugui{\`{e}}re, François},
    number = {4},
    pages = {3955--3966},
    volume = {59},
    url = {http://www.sciencedirect.com/science/article/pii/S105381191101216X},
    doi = {10.1016/j.neuroimage.2011.10.052},
    issn = {10538119}
}

@article{Bagic2011,
    title = {{American Clinical Magnetoencephalography Society Clinical Practice Guideline 1}},
    year = {2011},
    journal = {Journal of Clinical Neurophysiology},
    author = {Bagi{\'{c}}, Anto I. and Knowlton, Robert C. and Rose, Douglas F. and Ebersole, John S. and {ACMEGS Clinical Practice Guideline (CPG) Committee}},
    number = {4},
    month = {8},
    pages = {1},
    volume = {28},
    url = {http://www.ncbi.nlm.nih.gov/pubmed/21811121 http://content.wkhealth.com/linkback/openurl?sid=WKPTLP:landingpage&an=00004691-900000000-99806},
    doi = {10.1097/WNP.0b013e3182272fed},
    issn = {0736-0258},
    pmid = {21811121}
}

@article{Shibasaki2007,
    title = {{Use of magnetoencephalography in the presurgical evaluation of epilepsy patients.}},
    year = {2007},
    journal = {Clinical neurophysiology : official journal of the International Federation of Clinical Neurophysiology},
    author = {Shibasaki, Hiroshi and Ikeda, Akio and Nagamine, Takashi and Wennberg, R.A. and Sharma, R. and Otsubo, H. and Al., Et},
    number = {7},
    month = {7},
    pages = {1438--48},
    volume = {118},
    publisher = {Tohoku University Press, Sendai},
    url = {http://www.ncbi.nlm.nih.gov/pubmed/17452007},
    doi = {10.1016/j.clinph.2007.03.002},
    issn = {1388-2457},
    pmid = {17452007},
    keywords = {Cortical functions, Epilepsy, Epileptogenic focus, Magnetoencephalography (MEG), Presurgical evaluation}
}

@article{Lin2003,
    title = {{Magnetoencephalographic yield of interictal spikes in temporal lobe epilepsy: Comparison with scalp EEG recordings}},
    year = {2003},
    journal = {NeuroImage},
    author = {Lin, Y.Y and Shih, Y.H and Hsieh, J.C and Yu, H.Y and Yiu, C.H and Wong, T.T and Yeh, T.C and Kwan, S.Y and Ho, L.T and Yen, D.J and Wu, Z.A and Chang, M.S},
    number = {3},
    pages = {1115--1126},
    volume = {19},
    url = {http://www.sciencedirect.com/science/article/pii/S1053811903001812},
    doi = {10.1016/S1053-8119(03)00181-2},
    issn = {10538119}
}

@article{Pataraia2005,
    title = {{Combined MEG/EEG analysis of the interictal spike complex in mesial temporal lobe epilepsy}},
    year = {2005},
    journal = {NeuroImage},
    author = {Pataraia, Ekaterina and Lindinger, Gerald and Deecke, Lueder and Mayer, Dagmar and Baumgartner, Christoph},
    number = {3},
    pages = {607--614},
    volume = {24},
    url = {http://www.sciencedirect.com/science/article/pii/S1053811904005592},
    doi = {10.1016/j.neuroimage.2004.09.031},
    issn = {10538119}
}

@article{Knake2006,
    title = {{The value of multichannel MEG and EEG in the presurgical evaluation of 70 epilepsy patients.}},
    year = {2006},
    journal = {Epilepsy research},
    author = {Knake, S and Halgren, E and Shiraishi, H and Hara, K and Hamer, H M and Grant, P E and Carr, V A and Foxe, D and Camposano, S and Busa, E and Witzel, T and H{\"{a}}m{\"{a}}l{\"{a}}inen, M S and Ahlfors, S P and Bromfield, E B and Black, P M and Bourgeois, B F and Cole, A J and Cosgrove, G R and Dworetzky, B A and Madsen, J R and Larsson, P G and Schomer, D L and Thiele, E A and Dale, A M and Rosen, B R and Stufflebeam, S M},
    number = {1},
    month = {4},
    pages = {80--6},
    volume = {69},
    publisher = {Elsevier},
    url = {http://www.ncbi.nlm.nih.gov/pubmed/16516443},
    doi = {10.1016/j.eplepsyres.2006.01.001},
    issn = {0920-1211},
    pmid = {16516443},
    keywords = {EEG, Epilepsy surgery, Irritative zone, MEG, Non-invasive}
}

@article{Amo2003,
    title = {{Magnetoencephalographic localization of peritumoral temporal epileptic focus previous surgical resection.}},
    year = {2003},
    journal = {Seizure},
    author = {Amo, Carlos and Salda{\~{n}}a, Cristóbal and Hidalgo, Mercedes González and Maest{\'{u}}, Fernando and Fern{\'{a}}ndez, Alberto and Arrazola, Juan and Ortiz, Tomás},
    number = {1},
    month = {1},
    pages = {19--22},
    volume = {12},
    publisher = {Elsevier},
    url = {http://www.ncbi.nlm.nih.gov/pubmed/12495644},
    doi = {10.1016/S1059131102001486},
    issn = {1059-1311},
    pmid = {12495644},
    keywords = {cavernoma, magnetoencephalography, neurosurgery., refractory epilepsy}
}

@article{Stefan2004,
    title = {{Magnetoencephalography (MEG) predicts focal epileptogenicity in cavernomas.}},
    year = {2004},
    journal = {Journal of neurology, neurosurgery, and psychiatry},
    author = {Stefan, H and Scheler, G and Hummel, C and Walter, J and Romst{\"{o}}ck, J and Buchfelder, M and Bl{\"{u}}mcke, I},
    number = {9},
    month = {9},
    pages = {1309--13},
    volume = {75},
    publisher = {BMJ Publishing Group Ltd},
    url = {http://www.ncbi.nlm.nih.gov/pubmed/15314122 http://www.pubmedcentral.nih.gov/articlerender.fcgi?artid=PMC1739222},
    doi = {10.1136/jnnp.2003.021972},
    issn = {0022-3050},
    pmid = {15314122}
}

@article{Anderson2014,
    title = {{Magnetoencephalography in the Preoperative Evaluation for Epilepsy Surgery}},
    year = {2014},
    journal = {Current Neurology and Neuroscience Reports},
    author = {Anderson, Christopher T. and Carlson, Chad E. and Li, Zhimin and Raghavan, Manoj},
    number = {5},
    month = {5},
    pages = {446},
    volume = {14},
    publisher = {Springer US},
    url = {http://link.springer.com/10.1007/s11910-014-0446-8},
    doi = {10.1007/s11910-014-0446-8},
    issn = {1528-4042}
}

@article{Airaksinen2011,
    title = {{Effects of DBS on auditory and somatosensory processing in Parkinson's disease}},
    year = {2011},
    journal = {Human Brain Mapping},
    author = {Airaksinen, Katja and M{\"{a}}kel{\"{a}}, Jyrki P. and Taulu, Samu and Ahonen, Antti and Nurminen, Jussi and Schnitzler, Alfons and Pekkonen, Eero},
    number = {7},
    month = {7},
    pages = {1091--1099},
    volume = {32},
    publisher = {Wiley Subscription Services, Inc., A Wiley Company},
    url = {http://doi.wiley.com/10.1002/hbm.21096},
    doi = {10.1002/hbm.21096},
    issn = {10659471},
    keywords = {Parkinson's disease, artifacts, auditory, deep brain stimulation, evoked potentials, magnetoencephalography, somatosensory}
}

@article{Kakisaka2012,
    title = {{Use of simultaneous depth and MEG recording may provide complementary information regarding the epileptogenic region}},
    year = {2012},
    journal = {doi.org},
    author = {Kakisaka, Yosuke and Kubota, Yuichi and Wang, Zhong I. and Piao, Zhe and Mosher, John C. and Gonzalez-Martinez, Jorge and Jin, Kazutaka and Alexopoulos, Andreas V. and Burgess, Richard C.},
    number = {3},
    pages = {298--303},
    volume = {14},
    publisher = {John Libbey Eurotext},
    url = {http://www.jle.com/fr/revues/epd/e-docs/use_of_simultaneous_depth_and_meg_recording_may_provide_complementary_information_regarding_the_epileptogenic_region_293199/article.phtml},
    doi = {10.1684/epd.2012.0517},
    issn = {1294-9361}
}

@article{Wang2013,
    title = {{Feasibility of magnetoencephalography recording in an epilepsy patient with implanted responsive cortical stimulation device}},
    year = {2013},
    journal = {Clinical Neurophysiology},
    author = {Wang, Zhong Irene and Alexopoulos, Andreas V. and Nair, Dileep and Krishnan, Balu and Mosher, John C. and Burgess, Richard C. and Kakisaka, Yosuke},
    number = {8},
    month = {8},
    pages = {1705--1706},
    volume = {124},
    url = {http://linkinghub.elsevier.com/retrieve/pii/S1388245713000631},
    doi = {10.1016/j.clinph.2013.01.019},
    issn = {13882457}
}

@article{Jin2013,
    title = {{Implanted medical devices or other strong sources of interference are not barriers to magnetoencephalographic recordings in epilepsy patients.}},
    year = {2013},
    journal = {Clinical neurophysiology : official journal of the International Federation of Clinical Neurophysiology},
    author = {Jin, Kazutaka and Alexopoulos, Andreas V and Mosher, John C and Burgess, Richard C},
    number = {7},
    month = {7},
    pages = {1283--9},
    volume = {124},
    url = {http://www.sciencedirect.com/science/article/pii/S1388245713002630},
    doi = {10.1016/j.clinph.2013.04.004},
    issn = {1872-8952},
    pmid = {23664658},
    keywords = {Adult, Artifacts, Brain Mapping, Child, Computer-Assisted, Electroencephalography, Epilepsy, Epilepsy: physiopathology, Evoked Potentials, Evoked Potentials: physiology, Female, Humans, Magnetic Resonance Imaging, Magnetoencephalography, Male, Middle Aged, Prostheses and Implants, Prostheses and Implants: adverse effects, Signal Processing, Computer-Assisted, Young Adult}
}

@article{Jaseja2012,
    title = {{EEG spike versus EEG sharp wave: differential clinical significance in epilepsy.}},
    year = {2012},
    journal = {Epilepsy {\&} behavior : E{\&}B},
    author = {Jaseja, Harinder and Jaseja, Bhanu},
    number = {1},
    month = {9},
    pages = {137},
    volume = {25},
    url = {http://www.sciencedirect.com/science/article/pii/S1525505012004301},
    doi = {10.1016/j.yebeh.2012.05.023},
    issn = {1525-5069},
    pmid = {22809496},
    keywords = {Brain Waves, Brain Waves: physiology, Electroencephalography, Electroencephalography: methods, Epilepsy, Epilepsy: diagnosis, Epilepsy: physiopathology, Humans}
}

@incollection{Townsend2008,
    title = {{Source localization of electroencephalography spikes}},
    year = {2008},
    booktitle = {Textbook of Epilepsy Surgery},
    author = {Townsend, TN and Ebersole, JS},
    editor = {L{\"{u}}ders, Hans O},
    chapter = {64},
    pages = {1616},
    publisher = {CRC Press},
    url = {https://books.google.com/books?id=7brLBQAAQBAJ&pgis=1},
    address = {London},
    isbn = {0203091701}
}

@incollection{Ebersole2003,
    title = {{Presurgical Assessment of the Epilepsies with Clinical Neurophysiology and Functional Imaging}},
    year = {2003},
    booktitle = {Handbook of Clinical Neurophysiology},
    author = {Ebersole, John S.},
    pages = {471--490},
    series = {Handbook of Clinical Neurophysiology},
    volume = {3},
    publisher = {Elsevier},
    url = {http://www.sciencedirect.com/science/article/pii/S1567423103030363},
    isbn = {9780444510464},
    doi = {10.1016/S1567-4231(03)03036-3},
    issn = {15674231}
}

@article{Enatsu2008,
    title = {{Usefulness of MEG magnetometer for spike detection in patients with mesial temporal epileptic focus}},
    year = {2008},
    journal = {NeuroImage},
    author = {Enatsu, R. and Mikuni, N. and Usui, K. and Matsubayashi, J. and Taki, J. and Begum, T. and Matsumoto, R. and Ikeda, A. and Nagamine, T. and Fukuyama, H. and Hashimoto, N.},
    number = {4},
    pages = {1206--1219},
    volume = {41},
    url = {http://www.sciencedirect.com/science/article/pii/S105381190800298X},
    doi = {10.1016/j.neuroimage.2008.03.038},
    issn = {10538119}
}

@article{Englot2015,
    title = {{Epileptogenic zone localization using magnetoencephalography predicts seizure freedom in epilepsy surgery}},
    year = {2015},
    journal = {Epilepsia},
    author = {Englot, Dario J. and Nagarajan, Srikantan S. and Imber, Brandon S. and Raygor, Kunal P. and Honma, Susanne M. and Mizuiri, Danielle and Mantle, Mary and Knowlton, Robert C. and Kirsch, Heidi E. and Chang, Edward F.},
    number = {6},
    month = {6},
    pages = {949--958},
    volume = {56},
    url = {http://doi.wiley.com/10.1111/epi.13002},
    doi = {10.1111/epi.13002},
    issn = {00139580},
    keywords = {Epilepsy surgery, Epileptogenic zone, Interictal spike, Magnetic source imaging, Magnetoencephalography}
}

@article{Fahoum2014,
    title = {{Epileptic scalp ripples are associated with corticothalamic BOLD changes.}},
    year = {2014},
    journal = {Epilepsia},
    author = {Fahoum, Firas and Melani, Federico and Andrade-Valen{\c{c}}a, Luciana and Dubeau, François and Gotman, Jean},
    number = {10},
    month = {10},
    pages = {1611--9},
    volume = {55},
    url = {http://www.ncbi.nlm.nih.gov/pubmed/25167766},
    doi = {10.1111/epi.12760},
    issn = {1528-1167},
    pmid = {25167766},
    keywords = {Corticothalamic circuitry, EEG-fMRI, Focal epilepsy, High frequency oscillations, Scalp EEG}
}

@article{Liu2015c,
    title = {{Clinical outcomes and quality of life following surgical treatment for refractory epilepsy: a systematic review and meta-analysis.}},
    year = {2015},
    journal = {Medicine},
    author = {Liu, Shi-Yong and Yang, Xiao-Lin and Chen, Bing and Hou, Zhi and An, Ning and Yang, Mei-Hua and Yang, Hui},
    number = {6},
    month = {2},
    pages = {e500},
    volume = {94},
    url = {http://www.ncbi.nlm.nih.gov/pubmed/25674741 http://www.pubmedcentral.nih.gov/articlerender.fcgi?artid=PMC4602736},
    doi = {10.1097/MD.0000000000000500},
    issn = {1536-5964},
    pmid = {25674741}
}

@article{Tenney2014,
    title = {{Low- and high-frequency oscillations reveal distinct absence seizure networks.}},
    year = {2014},
    journal = {Annals of neurology},
    author = {Tenney, Jeffrey R and Fujiwara, Hisako and Horn, Paul S and Vannest, Jennifer and Xiang, Jing and Glauser, Tracy A and Rose, Douglas F},
    number = {4},
    month = {10},
    pages = {558--67},
    volume = {76},
    url = {http://www.ncbi.nlm.nih.gov/pubmed/25042348},
    doi = {10.1002/ana.24231},
    issn = {1531-8249},
    pmid = {25042348},
    keywords = {Absence, Absence: pathology, Absence: physiopathology, Brain Mapping, Brain Waves, Brain Waves: physiology, Child, Electroencephalography, Epilepsy, Female, Humans, Magnetoencephalography, Male, Time Factors}
}

@article{Miao2014,
    title = {{Using ictal high-frequency oscillations (80-500Hz) to localize seizure onset zones in childhood absence epilepsy: a MEG study.}},
    year = {2014},
    journal = {Neuroscience letters},
    author = {Miao, Ailiang and Xiang, Jing and Tang, Lu and Ge, Huaiting and Liu, Hongxing and Wu, Ting and Chen, Qiqi and Hu, Zheng and Lu, Xiaopeng and Wang, Xiaoshan},
    month = {4},
    pages = {21--6},
    volume = {566},
    url = {http://www.sciencedirect.com/science/article/pii/S0304394014001426},
    doi = {10.1016/j.neulet.2014.02.038},
    issn = {1872-7972},
    pmid = {24582907},
    keywords = {Childhood absence epilepsy, Dynamic magnetic source imaging, High-frequency oscillations, Magnetoencephalography, Morlet continuous wavelet transform}
}

@article{vanKlink2015,
    title = {{Identification of epileptic high frequency oscillations in the time domain by using MEG beamformer-based virtual sensors.}},
    year = {2016},
    journal = {Clinical Neurophysiology},
    author = {van Klink, Nicole and Hillebrand, Arjan and Zijlmans, Maeike},
    number = {1},
    month = {6},
    pages = {197--208},
    volume = {127},
    url = {http://www.sciencedirect.com/science/article/pii/S1388245715006379},
    doi = {10.1016/j.clinph.2015.06.008},
    issn = {18728952},
    pmid = {26138147},
    keywords = {Beamforming, Epilepsy, High frequency oscillations, Magnetoencephalography, Virtual electrodes}
}

@article{Sun2015,
    title = {{High???frequency oscillations and the seizure onset zones in neocortical epilepsy}},
    year = {2015},
    journal = {Chinese Medical Journal},
    author = {Sun, Yan Ping and Wang, Yu Ping and Wang, Zhi Hong and Wu, Feng Yu and Tang, Li Ou and Zhang, Shou Wen and Pei, Hai Tao and Wang, Yan and Huang, Zhao Yang and Xue, Qing and Xu, Cui Ping and Tai, Jun Li},
    number = {13},
    month = {7},
    pages = {1724--1727},
    volume = {128},
    url = {http://www.ncbi.nlm.nih.gov/pubmed/26112710 http://www.pubmedcentral.nih.gov/articlerender.fcgi?artid=PMC4733720},
    doi = {10.4103/0366-6999.159342},
    issn = {03666999},
    pmid = {26112710},
    keywords = {Electrocorticography, Epilepsy, High???frequency oscillations, Seizure onset zones}
}

@article{Otsubo2008,
    title = {{High-frequency oscillations of ictal muscle activity and epileptogenic discharges on intracranial EEG in a temporal lobe epilepsy patient}},
    year = {2008},
    journal = {Clinical Neurophysiology},
    author = {Otsubo, Hiroshi and Ochi, Ayako and Imai, Katsumi and Akiyama, Tomoyuki and Fujimoto, Ayataka and Go, Cristina and Dirks, Peter and Donner, Elizabeth J.},
    number = {4},
    pages = {862--868},
    volume = {119},
    doi = {10.1016/j.clinph.2007.12.014},
    issn = {13882457}
}

@article{Nolte2003,
    title = {{The magnetic lead field theorem in the quasi-static approximation and its use for magnetoencephalography forward calculation in realistic volume conductors.}},
    year = {2003},
    journal = {Physics in medicine and biology},
    author = {Nolte, Guido},
    number = {22},
    month = {11},
    pages = {3637--52},
    volume = {48},
    url = {http://www.ncbi.nlm.nih.gov/pubmed/14680264},
    issn = {0031-9155},
    pmid = {14680264}
}

@book{Purves2001,
    title = {{Neuroscience. 2nd edition}},
    year = {2001},
    author = {Purves, Dale. and Williams, S. Mark (Stephen Mark)},
    edition = {2nd},
    publisher = {Sinauer Associates},
    url = {https://www.ncbi.nlm.nih.gov/books/NBK10799/},
    isbn = {0878937420}
}

@book{Carpenter2012,
    title = {{Neurophysiology : a conceptual approach}},
    year = {2012},
    author = {Carpenter, R. H. S. (Roger H. S.) and Reddi, Benjamin},
    pages = {352},
    publisher = {Hodder Arnold, an Hachette UK Company},
    url = {https://books.google.es/books/about/Neurophysiology.html?id=JVYlLgEACAAJ&redir_esc=y},
    isbn = {1444135171}
}

@book{Campbell2013,
    title = {{Campbell Biology}},
    year = {2013},
    author = {Reece, Jane and Urry, Lisa and Cain, Michael and Wasserman, Steven and Minorsky, Peter and Jackson, Robert},
    edition = {9th},
    number = {16},
    pages = {81--87},
    volume = {12},
    url = {http://www.millenniumassessment.org/en/Framework.html%5Cnhttp://www.who.int/entity/globalchange/ecosystems/ecosys.pdf%5Cnhttp://www.loc.gov/catdir/toc/ecip0512/2005013229.html%5Cnhttp://www.ncbi.nlm.nih.gov/pubmed/15003161%5Cnhttp://cid.oxfordjournals.org},
    isbn = {1726-4189},
    doi = {10.1007/s13398-014-0173-7.2},
    issn = {0717-6163},
    pmid = {15003161},
    arxivId = {arXiv:1011.1669v3},
    keywords = {Adolescence, Adolescencia, Adolescent, Adolescent Behavior, Adolescent Behavior: psychology, Adult, Agresiones al cuerpo, Attachment to the body, Attaque au corps, Autolesiones deliberadas, Automutilation d{\'{e}}lib{\'{e}}r{\'{e}}e, Body Piercing, Body Piercing: psychology, Body Piercing: statistics {\&} numerical data, Body image, CUERPO, Chile, Chile: epidemiology, Cosmetic Techniques, Deliberate self-harm, Epidemiologic Methods, Female, Humans, Image corporelle, Imagen corporal, JUVENTUD, MODIFICACIONES CORPORALES, Male, Motivation, Movement, Risk-Taking, Self Mutilation, Self Mutilation: physiopathology, Self Mutilation: ultrasonography, Sex Distribution, Speech Articulation Tests, Speech Intelligibility, Tattooing, Tattooing: psychology, Tattooing: statistics {\&} numerical data, Tongue, Tongue: injuries, Tongue: physiopathology, Tongue: ultrasonography, aesthetics, and on cor-, as none were found, autoinjury and health, body, complications did not, complications from inserting a, constituci{\'{o}}n del yo, control postural- estabilizaci{\'{o}}n- v{\'{i}}as, corporal modifications, corps, cuerpo, culturas juveniles, cultures juv{\'{e}}niles, epidural, esth{\'{e}}tique, est{\'{e}}tica, find any reports of, high resolution images, icle, if neuraxial anes-, ing with neuraxial anesthesia, jeunesse, juvenile cultures, juventud, mecanismos de anteroalimentaci{\'{o}}n y, modificacio -, needle through a, nes corporales, perforaci{\'{o}}n corporal, piel, pr{\'{a}}ctica autolesiva, psicoan{\'{a}}lisis, research, retroalimentaci{\'{o}}n, risks management, segunda piel, sensitivas y motoras, spinal, sustainable reconstruction, tattoo, tattooing, tattoos, tatuaje, the literature on tattoos, was reviewed to see, youth}
}

@book{Niedermeyer2010,
    title = {{Niedermeyer's electroencephalography : basic principles, clinical applications, and related fields}},
    year = {2010},
    author = {Niedermeyer, Ernst and Schomer, Donald L. and Lopes da Silva, F. H.},
    pages = {1291},
    publisher = {Wolters Kluwer Health},
    url = {https://books.google.es/books?id=xSKqZxXOlukC&pg=PA866&lpg=PA866&dq=both+techniques+record+the+electromagnetic+activity+generated+by+the+same+primary+currents+in+the+brain&source=bl&ots=orWXrpBthy&sig=PsJ84J3Jh2n-3JAFHEfqbdb_xIU&hl=es&sa=X&ved=0ahUKEwje0P},
    isbn = {9780781789424}
}

@article{Cuffin1977,
    title = {{Magnetic Fields of a Dipole in Special Volume Conductor Shapes}},
    year = {1977},
    journal = {IEEE Transactions on Biomedical Engineering},
    author = {Cuffin, B. Neil and Cohen, David},
    number = {4},
    month = {7},
    pages = {372--381},
    volume = {BME-24},
    url = {http://www.ncbi.nlm.nih.gov/pubmed/881208 http://ieeexplore.ieee.org/document/4122707/},
    doi = {10.1109/TBME.1977.326145},
    issn = {0018-9294},
    pmid = {881208}
}

@article{Huang1999,
    title = {{A sensor-weighted overlapping-sphere head model and exhaustive head model comparison for MEG.}},
    year = {1999},
    journal = {Physics in medicine and biology},
    author = {Huang, M X and Mosher, J C and Leahy, R M},
    number = {2},
    month = {2},
    pages = {423--40},
    volume = {44},
    url = {http://www.ncbi.nlm.nih.gov/pubmed/10070792},
    issn = {0031-9155},
    pmid = {10070792}
}

@article{Zhang2015,
    title = {{On Linearly Constrained Minimum Variance Beamforming}},
    year = {2015},
    journal = {Journal of Machine Learning Research},
    author = {Zhang, Jian and Liu, Chao},
    pages = {2099--2145},
    volume = {16},
    publisher = {Springer US},
    url = {http://link.springer.com/10.1007/978-0-387-68836-7_3},
    isbn = {978-0-387-68835-0},
    doi = {10.1007/978-0-387-68836-7{\_}3},
    issn = {1876-1100},
    keywords = {meg neuroimaging, source localization and reconstruction, sparse covariance estimation, vector-beamforming}
}

@article{Claus2012,
    title = {{High frequency spectral components after Secobarbital: The contribution of muscular origin—A study with MEG/EEG}},
    year = {2012},
    journal = {Epilepsy Research},
    author = {Claus, Steven and Velis, Demetrios and Lopes da Silva, Fernando H. and Viergever, Max A. and Kalitzin, Stiliyan},
    number = {1},
    pages = {132--141},
    volume = {100},
    url = {http://www.sciencedirect.com/science/article/pii/S0920121112000381},
    doi = {10.1016/j.eplepsyres.2012.02.002},
    issn = {09201211}
}

@article{Snyder2008,
    title = {{The statistics of a practical seizure warning system.}},
    year = {2008},
    journal = {Journal of neural engineering},
    author = {Snyder, David E and Echauz, Javier and Grimes, David B and Litt, Brian},
    number = {4},
    month = {12},
    pages = {392--401},
    volume = {5},
    publisher = {NIH Public Access},
    url = {http://www.ncbi.nlm.nih.gov/pubmed/18827312 http://www.pubmedcentral.nih.gov/articlerender.fcgi?artid=PMC2888045},
    doi = {10.1088/1741-2560/5/4/004},
    issn = {1741-2560},
    pmid = {18827312}
}

@article{Jacobs2010,
    title = {{High-frequency electroencephalographic oscillations correlate with outcome of epilepsy surgery.}},
    year = {2010},
    journal = {Annals of neurology},
    author = {Jacobs, Julia and Zijlmans, Maeike and Zelmann, Rina and Chatillon, Claude-Edouard and Hall, Jeffrey and Olivier, André and Dubeau, François and Gotman, Jean},
    number = {2},
    month = {2},
    pages = {209--20},
    volume = {67},
    url = {http://www.ncbi.nlm.nih.gov/pubmed/20225281},
    doi = {10.1002/ana.21847},
    issn = {1531-8249},
    pmid = {20225281},
    keywords = {Adult, Biological Clocks, Biological Clocks: physiology, Brain, Brain: physiopathology, Brain: surgery, Computer-Assisted, Electrodes, Implanted, Electroencephalography, Electroencephalography: methods, Epilepsy, Epilepsy: pathology, Epilepsy: physiopathology, Epilepsy: surgery, Female, Follow-Up Studies, Humans, Implanted, Magnetic Resonance Imaging, Magnetic Resonance Imaging: methods, Male, Middle Aged, Neurosurgical Procedures, Neurosurgical Procedures: methods, Retrospective Studies, Signal Processing, Computer-Assisted, Treatment Outcome, Young Adult}
}

@article{Andrzejak2009,
    title = {{Seizure prediction: any better than chance?}},
    year = {2009},
    journal = {Clinical neurophysiology : official journal of the International Federation of Clinical Neurophysiology},
    author = {Andrzejak, Ralph G and Chicharro, Daniel and Elger, Christian E and Mormann, Florian},
    number = {8},
    month = {8},
    pages = {1465--78},
    volume = {120},
    publisher = {International Federation of Clinical Neurophysiology},
    url = {http://www.ncbi.nlm.nih.gov/pubmed/19576849},
    doi = {10.1016/j.clinph.2009.05.019},
    issn = {1872-8952},
    pmid = {19576849},
    keywords = {Biological, Computer-Assisted, Electroencephalography, Evaluation Studies as Topic, Humans, Markov Chains, Models, Nonlinear Dynamics, Predictive Value of Tests, Seizures, Seizures: diagnosis, Sensitivity and Specificity, Signal Processing, Statistical, Time Factors}
}

@article{Huiskamp2010,
    title = {{Regional differences in the sensitivity of MEG for interictal spikes in epilepsy.}},
    year = {2010},
    journal = {Brain topography},
    author = {Huiskamp, Geertjan and Agirre-Arrizubieta, Zaloa and Leijten, Frans},
    number = {2},
    month = {6},
    pages = {159--64},
    volume = {23},
    url = {http://www.pubmedcentral.nih.gov/articlerender.fcgi?artid=2874057&tool=pmcentrez&rendertype=abstract},
    doi = {10.1007/s10548-010-0134-1},
    issn = {1573-6792},
    pmid = {20151193},
    keywords = {Brain, Brain Mapping, Brain Mapping: methods, Brain: pathology, Brain: physiopathology, Brain: surgery, Cluster Analysis, Computer Simulation, Computer-Assisted, Electrodes, Electroencephalography, Electroencephalography: methods, Epilepsy, Epilepsy: pathology, Epilepsy: physiopathology, Epilepsy: surgery, Humans, Implanted, Magnetic Resonance Imaging, Magnetoencephalography, Magnetoencephalography: methods, Models, Neurological, Signal Processing}
}

@article{Matsumoto2013,
    title = {{Pathological and physiological high-frequency oscillations in focal human epilepsy.}},
    year = {2013},
    journal = {Journal of neurophysiology},
    author = {Matsumoto, Andrew and Brinkmann, Benjamin H and Matthew Stead, S and Matsumoto, Joseph and Kucewicz, Michal T and Marsh, W Richard and Meyer, Frederic and Worrell, Gregory},
    number = {8},
    month = {10},
    pages = {1958--64},
    volume = {110},
    publisher = {American Physiological Society},
    url = {http://www.ncbi.nlm.nih.gov/pubmed/23926038 http://www.pubmedcentral.nih.gov/articlerender.fcgi?artid=PMC3798937},
    doi = {10.1152/jn.00341.2013},
    issn = {1522-1598},
    pmid = {23926038},
    keywords = {epilepsy, gamma oscillations, high-frequency oscillations}
}

@article{Gloor1985,
    title = {{Neuronal generators and the problem of localization in electroencephalography: application of volume conductor theory to electroencephalography.}},
    year = {1985},
    journal = {Journal of clinical neurophysiology : official publication of the American Electroencephalographic Society},
    author = {Gloor, P},
    number = {4},
    month = {10},
    pages = {327--54},
    volume = {2},
    url = {http://www.ncbi.nlm.nih.gov/pubmed/4056020},
    issn = {0736-0258},
    pmid = {4056020}
}

@article{Pizzo2016,
    title = {{When spikes are symmetric, ripples are not: Bilateral spike and wave above 80Hz in focal and generalized epilepsy}},
    year = {2016},
    journal = {Clinical Neurophysiology},
    author = {Pizzo, Francesca and Ferrari-Marinho, Taissa and Amiri, Mina and Frauscher, Birgit and Dubeau, Francois and Gotman, Jean},
    number = {3},
    pages = {1794--1802},
    volume = {127},
    doi = {10.1016/j.clinph.2015.11.451},
    issn = {13882457}
}

@article{Hillebrand2002,
    title = {{A quantitative assessment of the sensitivity of whole-head MEG to activity in the adult human cortex.}},
    year = {2002},
    journal = {Neuroimage},
    author = {Hillebrand A, Barnes GR},
    pages = {638--50},
    volume = {16},
    url = {http://www.ncbi.nlm.nih.gov/pubmed/12169249},
    keywords = {Adult, Brain Mapping/methods, Cerebral Cortex/physio}
}

@article{Haegelen2013,
    title = {{High-frequency oscillations, extent of surgical resection, and surgical outcome in drug-resistant focal epilepsy}},
    year = {2013},
    journal = {Epilepsia},
    author = {Haegelen, Claire and Perucca, Piero and Ch{\^{a}}tillon, Claude-Edouard and Andrade-Valen{\c{c}}a, Luciana and Zelmann, Rina and Jacobs, Julia and Collins, D. Louis and Dubeau, François and Olivier, André and Gotman, Jean},
    number = {5},
    month = {5},
    pages = {848--857},
    volume = {54},
    url = {http://doi.wiley.com/10.1111/epi.12075},
    doi = {10.1111/epi.12075},
    issn = {00139580},
    keywords = {Epilepsy surgery, Extratemporal lobe epilepsy, High‐frequency oscillations, Intracerebral EEG, Temporal lobe epilepsy}
}

@article{Modur2015,
    title = {{Interictal high-frequency oscillations (HFOs) as predictors of high frequency and conventional seizure onset zones}},
    year = {2015},
    journal = {Epileptic Disorders},
    author = {Modur, Pradeep and Miocinovic, Svjetlana},
    number = {4},
    pages = {413--424},
    volume = {17},
    doi = {10.1684/EPD.2015.0774},
    issn = {19506945},
    pmid = {26620382},
    keywords = {Epilepsy, High-frequency oscillations, Intracranial EEG, Seizure localization, Seizure prediction}
}

@article{Fedele2015,
    title = {{Ultra-low-noise EEG/MEG systems enable bimodal non-invasive detection of spike-like human somatosensory evoked responses at 1 kHz}},
    year = {2015},
    journal = {Physiological Measurement},
    author = {Fedele, T and Scheer, H J and Burghoff, M and Curio, G and K{\"{o}}rber, R},
    number = {2},
    month = {2},
    pages = {357--368},
    volume = {36},
    publisher = {IOP Publishing},
    url = {http://stacks.iop.org/0967-3334/36/i=2/a=357?key=crossref.011f47380c0b2da3da1beb19a880ac0a},
    doi = {10.1088/0967-3334/36/2/357},
    issn = {0967-3334}
}

@article{Banerjee2014EpileptogenicSurgeon.,
    title = {{Epileptogenic networks and drug-resistant epilepsy: Present and future perspectives of epilepsy research-Utility for the epileptologist and the epilepsy surgeon.}},
    year = {2014},
    journal = {Annals of Indian Academy of Neurology},
    author = {Banerjee, Jyotirmoy and Chandra, Sarat P and Kurwale, Nilesh and Tripathi, Manjari},
    number = {Suppl 1},
    month = {3},
    pages = {134--40},
    volume = {17},
    publisher = {Medknow Publications},
    url = {http://www.ncbi.nlm.nih.gov/pubmed/24791082 http://www.pubmedcentral.nih.gov/articlerender.fcgi?artid=PMC4001228},
    doi = {10.4103/0972-2327.128688},
    issn = {0972-2327},
    pmid = {24791082},
    keywords = {Epilepsy surgery, epileptogenesis, epileptogenic networks, pharmaco-resistant epilepsy}
}